<?xml version="1.0" encoding="UTF-8"?>
<!DOCTYPE html PUBLIC "-//W3C//DTD XHTML 1.0 Transitional//EN"
    "http://www.w3.org/TR/xhtml1/DTD/xhtml1-transitional.dtd">
<html xmlns="http://www.w3.org/1999/xhtml" xml:lang="en" lang="en">
 <head>
  <title>
</title>
<meta http-equiv="Content-Type" content="text/html;charset=utf-8" />
  <meta name='ocr-system' content='tesseract 3.04.00' />
  <meta name='ocr-capabilities' content='ocr_page ocr_carea ocr_par ocr_line ocrx_word'/>
</head>
<body>
  <div class='ocr_page' id='page_1' title='image "./aburbeconditali00livyuoft_0390.png"; bbox 0 0 1794 3084; ppageno 0'>
   <div class='ocr_carea' id='block_1_1' title="bbox 76 405 117 435">
    <p class='ocr_par' dir='ltr' id='par_1_1' title="bbox 76 405 117 435">
     <span class='ocr_line' id='line_1_1' title="bbox 76 405 117 435; baseline 0.024 -1"><span class='ocrx_word' id='word_1_1' title='bbox 76 405 117 435; x_wconf 88' lang='grc'><strong>11</strong></span> 
     </span>
    </p>
   </div>
   <div class='ocr_carea' id='block_1_2' title="bbox 75 581 115 610">
    <p class='ocr_par' dir='ltr' id='par_1_2' title="bbox 75 581 115 610">
     <span class='ocr_line' id='line_1_2' title="bbox 75 581 115 610; baseline 0 0"><span class='ocrx_word' id='word_1_2' title='bbox 75 581 115 610; x_wconf 76' lang='lat'><strong>12</strong></span> 
     </span>
    </p>
   </div>
   <div class='ocr_carea' id='block_1_3' title="bbox 74 757 114 786">
    <p class='ocr_par' dir='ltr' id='par_1_3' title="bbox 74 757 114 786">
     <span class='ocr_line' id='line_1_3' title="bbox 74 757 114 786; baseline 0 0"><span class='ocrx_word' id='word_1_3' title='bbox 74 757 114 786; x_wconf 83' lang='lat'><strong>13</strong></span> 
     </span>
    </p>
   </div>
   <div class='ocr_carea' id='block_1_4' title="bbox 73 920 131 963">
    <p class='ocr_par' dir='ltr' id='par_1_4' title="bbox 73 920 131 963">
     <span class='ocr_line' id='line_1_4' title="bbox 73 920 131 963; baseline -0.017 0"><span class='ocrx_word' id='word_1_4' title='bbox 73 920 131 963; x_wconf 87' lang='lat'><strong>31</strong></span> 
     </span>
    </p>
   </div>
   <div class='ocr_carea' id='block_1_5' title="bbox 94 1109 114 1139">
    <p class='ocr_par' dir='ltr' id='par_1_5' title="bbox 94 1109 114 1139">
     <span class='ocr_line' id='line_1_5' title="bbox 94 1109 114 1139; textangle 90"><span class='ocrx_word' id='word_1_5' title='bbox 94 1109 114 1139; x_wconf 74' lang='lat'><strong>10</strong></span> 
     </span>
    </p>
   </div>
   <div class='ocr_carea' id='block_1_6' title="bbox 95 1344 115 1374">
    <p class='ocr_par' dir='ltr' id='par_1_6' title="bbox 95 1344 115 1374">
     <span class='ocr_line' id='line_1_6' title="bbox 95 1344 115 1374; baseline 0 0"><span class='ocrx_word' id='word_1_6' title='bbox 95 1344 115 1374; x_wconf 90' lang='grc'><strong>3</strong></span> 
     </span>
    </p>
   </div>
   <div class='ocr_carea' id='block_1_7' title="bbox 94 1520 116 1549">
    <p class='ocr_par' dir='ltr' id='par_1_7' title="bbox 94 1520 116 1549">
     <span class='ocr_line' id='line_1_7' title="bbox 94 1520 116 1549; baseline 0 0"><span class='ocrx_word' id='word_1_7' title='bbox 94 1520 116 1549; x_wconf 84' lang='grc'>4</span> 
     </span>
    </p>
   </div>
   <div class='ocr_carea' id='block_1_8' title="bbox 149 107 1226 150">
    <p class='ocr_par' dir='ltr' id='par_1_8' title="bbox 149 107 1226 150">
     <span class='ocr_line' id='line_1_8' title="bbox 149 107 1226 150; baseline 0.003 -10"><span class='ocrx_word' id='word_1_8' title='bbox 149 108 204 150; x_wconf 71' lang='grc'><strong>68</strong></span> <span class='ocrx_word' id='word_1_9' title='bbox 646 107 789 143; x_wconf 84' lang='lat' dir='ltr'><strong>LIBER</strong></span> <span class='ocrx_word' id='word_1_10' title='bbox 815 107 911 143; x_wconf 92' lang='lat' dir='ltr'>VIII.</span> <span class='ocrx_word' id='word_1_11' title='bbox 958 107 1059 143; x_wconf 86' lang='lat' dir='ltr'>CAP.</span> <span class='ocrx_word' id='word_1_12' title='bbox 1087 112 1142 143; x_wconf 89' lang='lat'><strong>30.</strong></span> <span class='ocrx_word' id='word_1_13' title='bbox 1171 112 1226 143; x_wconf 89' lang='lat'><strong>31.</strong></span> 
     </span>
    </p>
   </div>
   <div class='ocr_carea' id='block_1_9' title="bbox 1502 117 1706 143">
    <p class='ocr_par' dir='ltr' id='par_1_9' title="bbox 1502 117 1706 143">
     <span class='ocr_line' id='line_1_9' title="bbox 1502 117 1706 143; baseline 0.005 -1"><span class='ocrx_word' id='word_1_14' title='bbox 1502 124 1528 143; x_wconf 79' lang='lat' dir='ltr'><strong>a.</strong></span> <span class='ocrx_word' id='word_1_15' title='bbox 1549 124 1578 142; x_wconf 89' lang='lat' dir='ltr'><strong>u.</strong></span> <span class='ocrx_word' id='word_1_16' title='bbox 1598 123 1622 142; x_wconf 86' lang='lat' dir='ltr'><strong>c.</strong></span> <span class='ocrx_word' id='word_1_17' title='bbox 1641 117 1706 143; x_wconf 77' lang='lat'><strong>429.</strong></span> 
     </span>
    </p>
   </div>
   <div class='ocr_carea' id='block_1_10' title="bbox 139 215 1718 1856">
    <p class='ocr_par' dir='ltr' id='par_1_10' title="bbox 141 215 1710 903">
     <span class='ocr_line' id='line_1_10' title="bbox 150 215 1706 270; baseline 0 -12"><span class='ocrx_word' id='word_1_18' title='bbox 150 217 203 258; x_wconf 89' lang='lat' dir='ltr'><strong>ad</strong></span> <span class='ocrx_word' id='word_1_19' title='bbox 236 217 489 258; x_wconf 81' lang='lat' dir='ltr'><strong>dictatorem</strong></span> <span class='ocrx_word' id='word_1_20' title='bbox 523 216 678 257; x_wconf 88' lang='lat' dir='ltr'><strong>missae</strong></span> <span class='ocrx_word' id='word_1_21' title='bbox 706 218 1007 270; x_wconf 73' lang='lat' dir='ltr'>argumentum</span> <span class='ocrx_word' id='word_1_22' title='bbox 1038 215 1157 258; x_wconf 89' lang='lat' dir='ltr'><strong>fuere</strong></span> <span class='ocrx_word' id='word_1_23' title='bbox 1189 215 1366 257; x_wconf 90' lang='lat' dir='ltr'><strong>minime</strong></span> <span class='ocrx_word' id='word_1_24' title='bbox 1394 229 1490 257; x_wconf 90' lang='lat' dir='ltr'><strong>cum</strong></span> <span class='ocrx_word' id='word_1_25' title='bbox 1516 229 1565 257; x_wconf 89' lang='lat' dir='ltr'><strong>eo</strong></span> <span class='ocrx_word' id='word_1_26' title='bbox 1593 229 1706 258; x_wconf 89' lang='lat' dir='ltr'><strong>com-</strong></span> 
     </span>
     <span class='ocr_line' id='line_1_11' title="bbox 148 274 1710 329; baseline -0.001 -13"><span class='ocrx_word' id='word_1_27' title='bbox 148 275 407 316; x_wconf 86' lang='lat' dir='ltr'><strong>municantis</strong></span> <span class='ocrx_word' id='word_1_28' title='bbox 450 275 608 316; x_wconf 87' lang='lat' dir='ltr'><strong>laudes.</strong></span> <span class='ocrx_word' id='word_1_29' title='bbox 670 275 731 315; x_wconf 90' lang='lat' dir='ltr'><strong>ita</strong></span> <span class='ocrx_word' id='word_1_30' title='bbox 768 277 882 316; x_wconf 87' lang='lat' dir='ltr'><strong>certe</strong></span> <span class='ocrx_word' id='word_1_31' title='bbox 931 274 1116 317; x_wconf 87' lang='lat' dir='ltr'><strong>dictator</strong></span> <span class='ocrx_word' id='word_1_32' title='bbox 1154 275 1195 316; x_wconf 89' lang='lat' dir='ltr'><strong>id</strong></span> <span class='ocrx_word' id='word_1_33' title='bbox 1232 274 1396 316; x_wconf 84' lang='lat' dir='ltr'><strong>factum</strong></span> <span class='ocrx_word' id='word_1_34' title='bbox 1435 274 1619 329; x_wconf 87' lang='lat' dir='ltr'><strong>accepit,</strong></span> <span class='ocrx_word' id='word_1_35' title='bbox 1661 276 1710 316; x_wconf 94' lang='lat' dir='ltr'><strong>ut</strong></span> 
     </span>
     <span class='ocr_line' id='line_1_12' title="bbox 146 332 1708 388; baseline -0.001 -13"><span class='ocrx_word' id='word_1_36' title='bbox 146 335 272 375; x_wconf 88' lang='lat' dir='ltr'><strong>laetis</strong></span> <span class='ocrx_word' id='word_1_37' title='bbox 313 335 410 375; x_wconf 88' lang='lat' dir='ltr'><strong>aliis</strong></span> <span class='ocrx_word' id='word_1_38' title='bbox 451 333 633 375; x_wconf 82' lang='lat' dir='ltr'><strong>victoria</strong></span> <span class='ocrx_word' id='word_1_39' title='bbox 670 336 794 388; x_wconf 87' lang='lat' dir='ltr'><strong>parta</strong></span> <span class='ocrx_word' id='word_1_40' title='bbox 831 348 935 388; x_wconf 90' lang='lat' dir='ltr'><strong>prae</strong></span> <span class='ocrx_word' id='word_1_41' title='bbox 978 348 1023 375; x_wconf 87' lang='lat' dir='ltr'><strong>se</strong></span> <span class='ocrx_word' id='word_1_42' title='bbox 1069 334 1200 375; x_wconf 89' lang='lat' dir='ltr'><strong>ferret</strong></span> <span class='ocrx_word' id='word_1_43' title='bbox 1237 334 1346 374; x_wconf 91' lang='lat' dir='ltr'><strong>iram</strong></span> <span class='ocrx_word' id='word_1_44' title='bbox 1385 332 1708 387; x_wconf 74' lang='lat' dir='ltr'><strong>tristitiamque.</strong></span> 
     </span>
     <span class='ocr_line' id='line_1_13' title="bbox 147 392 1708 447; baseline -0.001 -14"><span class='ocrx_word' id='word_1_45' title='bbox 147 393 279 434; x_wconf 85' lang='lat' dir='ltr'><strong>misso</strong></span> <span class='ocrx_word' id='word_1_46' title='bbox 312 393 456 447; x_wconf 88' lang='lat' dir='ltr'><strong>itaque</strong></span> <span class='ocrx_word' id='word_1_47' title='bbox 494 395 670 447; x_wconf 90' lang='lat' dir='ltr'><strong>repente</strong></span> <span class='ocrx_word' id='word_1_48' title='bbox 711 394 862 434; x_wconf 87' lang='lat' dir='ltr'><strong>senatu</strong></span> <span class='ocrx_word' id='word_1_49' title='bbox 903 406 947 433; x_wconf 91' lang='lat' dir='ltr'><strong>se</strong></span> <span class='ocrx_word' id='word_1_50' title='bbox 987 407 1036 434; x_wconf 85' lang='lat' dir='ltr'><strong>ex</strong></span> <span class='ocrx_word' id='word_1_51' title='bbox 1070 392 1188 434; x_wconf 89' lang='lat' dir='ltr'><strong>curia</strong></span> <span class='ocrx_word' id='word_1_52' title='bbox 1218 392 1451 447; x_wconf 76' lang='lat' dir='ltr'><strong>proripuit,</strong></span> <span class='ocrx_word' id='word_1_53' title='bbox 1481 393 1575 436; x_wconf 86' lang='lat' dir='ltr'><strong>tum</strong></span> <span class='ocrx_word' id='word_1_54' title='bbox 1607 405 1708 433; x_wconf 85' lang='lat' dir='ltr'><strong>vero</strong></span> 
     </span>
     <span class='ocr_line' id='line_1_14' title="bbox 145 450 1708 506; baseline -0.001 -14"><span class='ocrx_word' id='word_1_55' title='bbox 145 466 233 492; x_wconf 90' lang='lat' dir='ltr'><strong>non</strong></span> <span class='ocrx_word' id='word_1_56' title='bbox 267 450 525 492; x_wconf 76' lang='lat' dir='ltr'><strong>Samnitium</strong></span> <span class='ocrx_word' id='word_1_57' title='bbox 559 451 698 505; x_wconf 87' lang='lat' dir='ltr'><strong>magis</strong></span> <span class='ocrx_word' id='word_1_58' title='bbox 731 451 925 506; x_wconf 82' lang='lat' dir='ltr'><strong>legiones</strong></span> <span class='ocrx_word' id='word_1_59' title='bbox 958 466 1086 506; x_wconf 89' lang='lat' dir='ltr'><strong>quam</strong></span> <span class='ocrx_word' id='word_1_60' title='bbox 1125 451 1398 492; x_wconf 88' lang='lat' dir='ltr'><strong>maiestatem</strong></span> <span class='ocrx_word' id='word_1_61' title='bbox 1436 450 1708 492; x_wconf 82' lang='lat' dir='ltr'><strong>dictatoriam</strong></span> 
     </span>
     <span class='ocr_line' id='line_1_15' title="bbox 145 509 1708 564; baseline 0 -14"><span class='ocrx_word' id='word_1_62' title='bbox 145 513 186 551; x_wconf 82' lang='lat' dir='ltr'><strong>et</strong></span> <span class='ocrx_word' id='word_1_63' title='bbox 220 509 492 563; x_wconf 83' lang='lat' dir='ltr'><strong>disciplinam</strong></span> <span class='ocrx_word' id='word_1_64' title='bbox 524 510 760 551; x_wconf 86' lang='lat' dir='ltr'><strong>militarem</strong></span> <span class='ocrx_word' id='word_1_65' title='bbox 794 525 818 550; x_wconf 88' lang='lat' dir='ltr'><strong>a</strong></span> <span class='ocrx_word' id='word_1_66' title='bbox 843 510 1055 564; x_wconf 85' lang='lat' dir='ltr'><strong>magistro</strong></span> <span class='ocrx_word' id='word_1_67' title='bbox 1088 510 1282 564; x_wconf 89' lang='lat' dir='ltr'><strong>equitum</strong></span> <span class='ocrx_word' id='word_1_68' title='bbox 1321 509 1483 551; x_wconf 85' lang='lat' dir='ltr'><strong>victam</strong></span> <span class='ocrx_word' id='word_1_69' title='bbox 1517 511 1560 550; x_wconf 91' lang='lat' dir='ltr'><strong>et</strong></span> <span class='ocrx_word' id='word_1_70' title='bbox 1591 523 1708 551; x_wconf 88' lang='lat' dir='ltr'><strong>ever-</strong></span> 
     </span>
     <span class='ocr_line' id='line_1_16' title="bbox 144 567 1709 623; baseline -0.001 -14"><span class='ocrx_word' id='word_1_71' title='bbox 144 583 236 609; x_wconf 89' lang='lat' dir='ltr'><strong>sam</strong></span> <span class='ocrx_word' id='word_1_72' title='bbox 269 568 489 622; x_wconf 87' lang='lat' dir='ltr'><strong>dictitans,</strong></span> <span class='ocrx_word' id='word_1_73' title='bbox 529 568 564 609; x_wconf 91' lang='lat' dir='ltr'><strong>si</strong></span> <span class='ocrx_word' id='word_1_74' title='bbox 607 568 672 610; x_wconf 88' lang='lat' dir='ltr'><strong>illi</strong></span> <span class='ocrx_word' id='word_1_75' title='bbox 703 569 878 622; x_wconf 89' lang='lat' dir='ltr'><strong>impune</strong></span> <span class='ocrx_word' id='word_1_76' title='bbox 918 571 1110 622; x_wconf 87' lang='lat' dir='ltr'><strong>spretum</strong></span> <span class='ocrx_word' id='word_1_77' title='bbox 1148 569 1378 623; x_wconf 90' lang='lat' dir='ltr'><strong>imperium</strong></span> <span class='ocrx_word' id='word_1_78' title='bbox 1409 567 1574 609; x_wconf 87' lang='lat' dir='ltr'><strong>fuisset.</strong></span> <span class='ocrx_word' id='word_1_79' title='bbox 1629 567 1709 608; x_wconf 88' lang='lat' dir='ltr'><strong>ita-</strong></span> 
     </span>
     <span class='ocr_line' id='line_1_17' title="bbox 143 626 1710 682; baseline -0.001 -14"><span class='ocrx_word' id='word_1_80' title='bbox 143 641 223 682; x_wconf 87' lang='lat' dir='ltr'><strong>que</strong></span> <span class='ocrx_word' id='word_1_81' title='bbox 255 627 407 680; x_wconf 88' lang='lat' dir='ltr'><strong>plenus</strong></span> <span class='ocrx_word' id='word_1_82' title='bbox 440 627 654 668; x_wconf 89' lang='lat' dir='ltr'><strong>minarum</strong></span> <span class='ocrx_word' id='word_1_83' title='bbox 686 628 858 682; x_wconf 85' lang='lat' dir='ltr'><strong>iraeque</strong></span> <span class='ocrx_word' id='word_1_84' title='bbox 890 628 1110 682; x_wconf 88' lang='lat' dir='ltr'><strong>profectus</strong></span> <span class='ocrx_word' id='word_1_85' title='bbox 1143 628 1187 669; x_wconf 88' lang='lat' dir='ltr'><strong>in</strong></span> <span class='ocrx_word' id='word_1_86' title='bbox 1220 629 1365 669; x_wconf 89' lang='lat' dir='ltr'><strong>castra</strong></span> <span class='ocrx_word' id='word_1_87' title='bbox 1390 641 1486 668; x_wconf 90' lang='lat' dir='ltr'><strong>cum</strong></span> <span class='ocrx_word' id='word_1_88' title='bbox 1511 626 1710 668; x_wconf 86' lang='lat' dir='ltr'><strong>maximis</strong></span> 
     </span>
     <span class='ocr_line' id='line_1_18' title="bbox 141 685 1709 741; baseline 0 -15"><span class='ocrx_word' id='word_1_89' title='bbox 141 686 370 727; x_wconf 83' lang='lat' dir='ltr'><strong>itineribus</strong></span> <span class='ocrx_word' id='word_1_90' title='bbox 411 686 536 739; x_wconf 84' lang='lat' dir='ltr'><strong>isset,</strong></span> <span class='ocrx_word' id='word_1_91' title='bbox 586 701 672 727; x_wconf 90' lang='lat' dir='ltr'><strong>non</strong></span> <span class='ocrx_word' id='word_1_92' title='bbox 709 689 859 727; x_wconf 91' lang='lat' dir='ltr'><strong>tamen</strong></span> <span class='ocrx_word' id='word_1_93' title='bbox 901 687 1152 741; x_wconf 87' lang='lat' dir='ltr'><strong>praevenire</strong></span> <span class='ocrx_word' id='word_1_94' title='bbox 1189 686 1353 727; x_wconf 87' lang='lat' dir='ltr'><strong>famam</strong></span> <span class='ocrx_word' id='word_1_95' title='bbox 1392 685 1602 727; x_wconf 87' lang='lat' dir='ltr'><strong>adventus</strong></span> <span class='ocrx_word' id='word_1_96' title='bbox 1642 685 1709 726; x_wconf 86' lang='lat' dir='ltr'><strong>sui</strong></span> 
     </span>
     <span class='ocr_line' id='line_1_19' title="bbox 142 743 1710 800; baseline 0 -16"><span class='ocrx_word' id='word_1_97' title='bbox 142 745 297 798; x_wconf 88' lang='lat' dir='ltr'><strong>potuit.</strong></span> <span class='ocrx_word' id='word_1_98' title='bbox 358 747 687 798; x_wconf 83' lang='lat' dir='ltr'><strong>praecurrerant</strong></span> <span class='ocrx_word' id='word_1_99' title='bbox 732 746 845 786; x_wconf 90' lang='lat' dir='ltr'><strong>enim</strong></span> <span class='ocrx_word' id='word_1_100' title='bbox 891 746 945 786; x_wconf 88' lang='lat' dir='ltr'><strong>ab</strong></span> <span class='ocrx_word' id='word_1_101' title='bbox 990 746 1114 800; x_wconf 90' lang='lat' dir='ltr'><strong>urbe,</strong></span> <span class='ocrx_word' id='word_1_102' title='bbox 1165 745 1237 800; x_wconf 87' lang='lat' dir='ltr'><strong>qui</strong></span> <span class='ocrx_word' id='word_1_103' title='bbox 1279 744 1533 785; x_wconf 86' lang='lat' dir='ltr'><strong>nuntiarent</strong></span> <span class='ocrx_word' id='word_1_104' title='bbox 1577 743 1710 785; x_wconf 88' lang='lat' dir='ltr'><strong>dicta-</strong></span> 
     </span>
     <span class='ocr_line' id='line_1_20' title="bbox 144 801 1710 858; baseline -0.001 -14"><span class='ocrx_word' id='word_1_105' title='bbox 144 809 280 845; x_wconf 83' lang='lat' dir='ltr'><strong>torem</strong></span> <span class='ocrx_word' id='word_1_106' title='bbox 315 804 487 844; x_wconf 89' lang='lat' dir='ltr'><strong>avidum</strong></span> <span class='ocrx_word' id='word_1_107' title='bbox 519 818 683 857; x_wconf 89' lang='lat' dir='ltr'><strong>poenae</strong></span> <span class='ocrx_word' id='word_1_108' title='bbox 715 805 878 858; x_wconf 86' lang='lat' dir='ltr'><strong>venire,</strong></span> <span class='ocrx_word' id='word_1_109' title='bbox 918 804 1095 845; x_wconf 82' lang='lat' dir='ltr'><strong>alternis</strong></span> <span class='ocrx_word' id='word_1_110' title='bbox 1133 818 1268 858; x_wconf 89' lang='lat' dir='ltr'><strong>paene</strong></span> <span class='ocrx_word' id='word_1_111' title='bbox 1302 802 1442 845; x_wconf 88' lang='lat' dir='ltr'><strong>verbis</strong></span> <span class='ocrx_word' id='word_1_112' title='bbox 1475 803 1522 844; x_wconf 90' lang='lat' dir='ltr'><strong>T.</strong></span> <span class='ocrx_word' id='word_1_113' title='bbox 1554 801 1710 843; x_wconf 89' lang='lat' dir='ltr'><strong>Manlii</strong></span> 
     </span>
     <span class='ocr_line' id='line_1_21' title="bbox 143 862 602 903; baseline 0.002 -1"><span class='ocrx_word' id='word_1_114' title='bbox 143 862 309 903; x_wconf 85' lang='lat' dir='ltr'><strong>factum</strong></span> <span class='ocrx_word' id='word_1_115' title='bbox 341 862 602 903; x_wconf 85' lang='lat' dir='ltr'><strong>laudantem.</strong></span> 
     </span>
    </p>

    <p class='ocr_par' dir='ltr' id='par_1_11' title="bbox 139 919 1718 1856">
     <span class='ocr_line' id='line_1_22' title="bbox 260 919 1711 975; baseline -0.001 -13"><span class='ocrx_word' id='word_1_116' title='bbox 260 920 420 962; x_wconf 88' lang='lat' dir='ltr'><strong>Fabius</strong></span> <span class='ocrx_word' id='word_1_117' title='bbox 454 922 654 962; x_wconf 89' lang='lat' dir='ltr'><strong>contione</strong></span> <span class='ocrx_word' id='word_1_118' title='bbox 688 921 902 975; x_wconf 82' lang='lat' dir='ltr'><strong>extemplo</strong></span> <span class='ocrx_word' id='word_1_119' title='bbox 937 920 1148 962; x_wconf 86' lang='lat' dir='ltr'><strong>advocata</strong></span> <span class='ocrx_word' id='word_1_120' title='bbox 1174 921 1416 962; x_wconf 87' lang='lat' dir='ltr'><strong>obtestatus</strong></span> <span class='ocrx_word' id='word_1_121' title='bbox 1443 919 1604 961; x_wconf 89' lang='lat' dir='ltr'><strong>milites</strong></span> <span class='ocrx_word' id='word_1_122' title='bbox 1632 922 1711 974; x_wconf 88' lang='lat' dir='ltr'><strong>est,</strong></span> 
     </span>
     <span class='ocr_line' id='line_1_23' title="bbox 141 978 1709 1034; baseline 0 -14"><span class='ocrx_word' id='word_1_123' title='bbox 141 982 201 1029; x_wconf 88' lang='lat' dir='ltr'><strong>ut,</strong></span> <span class='ocrx_word' id='word_1_124' title='bbox 234 994 317 1034; x_wconf 89' lang='lat' dir='ltr'><strong>qua</strong></span> <span class='ocrx_word' id='word_1_125' title='bbox 348 980 507 1021; x_wconf 85' lang='lat' dir='ltr'><strong>virtute</strong></span> <span class='ocrx_word' id='word_1_126' title='bbox 539 994 630 1021; x_wconf 87' lang='lat' dir='ltr'><strong>rem</strong></span> <span class='ocrx_word' id='word_1_127' title='bbox 662 980 880 1033; x_wconf 86' lang='lat' dir='ltr'><strong>publicam</strong></span> <span class='ocrx_word' id='word_1_128' title='bbox 913 980 966 1021; x_wconf 90' lang='lat' dir='ltr'><strong>ab</strong></span> <span class='ocrx_word' id='word_1_129' title='bbox 1000 979 1294 1021; x_wconf 85' lang='lat' dir='ltr'><strong>infestissimis</strong></span> <span class='ocrx_word' id='word_1_130' title='bbox 1326 978 1525 1021; x_wconf 85' lang='lat' dir='ltr'><strong>hostibus</strong></span> <span class='ocrx_word' id='word_1_131' title='bbox 1560 978 1709 1020; x_wconf 87' lang='lat' dir='ltr'><strong>defen-</strong></span> 
     </span>
     <span class='ocr_line' id='line_1_24' title="bbox 143 1037 1716 1093; baseline -0.001 -14"><span class='ocrx_word' id='word_1_132' title='bbox 143 1038 325 1092; x_wconf 81' lang='lat' dir='ltr'><strong>dissent,</strong></span> <span class='ocrx_word' id='word_1_133' title='bbox 363 1039 512 1080; x_wconf 91' lang='lat' dir='ltr'><strong>eadem</strong></span> <span class='ocrx_word' id='word_1_134' title='bbox 545 1053 608 1093; x_wconf 87' lang='lat' dir='ltr'><strong>se,</strong></span> <span class='ocrx_word' id='word_1_135' title='bbox 645 1039 764 1080; x_wconf 89' lang='lat' dir='ltr'><strong>cuius</strong></span> <span class='ocrx_word' id='word_1_136' title='bbox 799 1039 929 1080; x_wconf 86' lang='lat' dir='ltr'><strong>ductu</strong></span> <span class='ocrx_word' id='word_1_137' title='bbox 962 1039 1240 1092; x_wconf 85' lang='lat' dir='ltr'><strong>auspicioque</strong></span> <span class='ocrx_word' id='word_1_138' title='bbox 1277 1037 1504 1090; x_wconf 85' lang='lat' dir='ltr'><strong>vicissent,</strong></span> <span class='ocrx_word' id='word_1_139' title='bbox 1545 1037 1599 1078; x_wconf 89' lang='lat' dir='ltr'><strong>ab</strong></span> <span class='ocrx_word' id='word_1_140' title='bbox 1633 1037 1716 1078; x_wconf 80' lang='lat' dir='ltr'><strong>im·-</strong></span> 
     </span>
     <span class='ocr_line' id='line_1_25' title="bbox 142 1096 1711 1151; baseline -0.001 -13"><span class='ocrx_word' id='word_1_141' title='bbox 142 1097 311 1151; x_wconf 89' lang='lat' dir='ltr'><strong>potenti</strong></span> <span class='ocrx_word' id='word_1_142' title='bbox 344 1097 595 1138; x_wconf 85' lang='lat' dir='ltr'><strong>crudelitate</strong></span> <span class='ocrx_word' id='word_1_143' title='bbox 629 1097 852 1138; x_wconf 88' lang='lat' dir='ltr'><strong>dictatoris</strong></span> <span class='ocrx_word' id='word_1_144' title='bbox 885 1099 1150 1138; x_wconf 86' lang='lat' dir='ltr'><strong>tutarentur:</strong></span> <span class='ocrx_word' id='word_1_145' title='bbox 1200 1096 1359 1139; x_wconf 88' lang='lat' dir='ltr'><strong>Venire</strong></span> <span class='ocrx_word' id='word_1_146' title='bbox 1392 1097 1612 1138; x_wconf 86' lang='lat' dir='ltr'><strong>amentem</strong></span> <span class='ocrx_word' id='word_1_147' title='bbox 1646 1096 1711 1136; x_wconf 92' lang='lat' dir='ltr'><strong>in—</strong></span> 
     </span>
     <span class='ocr_line' id='line_1_26' title="bbox 142 1154 1711 1211; baseline 0 -15"><span class='ocrx_word' id='word_1_148' title='bbox 142 1156 275 1210; x_wconf 89' lang='lat' dir='ltr'><strong>vidia,</strong></span> <span class='ocrx_word' id='word_1_149' title='bbox 318 1157 476 1198; x_wconf 87' lang='lat' dir='ltr'><strong>iratum</strong></span> <span class='ocrx_word' id='word_1_150' title='bbox 521 1156 673 1198; x_wconf 86' lang='lat' dir='ltr'><strong>virtuti</strong></span> <span class='ocrx_word' id='word_1_151' title='bbox 723 1157 886 1198; x_wconf 89' lang='lat' dir='ltr'><strong>alienae</strong></span> <span class='ocrx_word' id='word_1_152' title='bbox 937 1156 1239 1211; x_wconf 82' lang='lat' dir='ltr'><strong>felicitatique3</strong></span> <span class='ocrx_word' id='word_1_153' title='bbox 1291 1155 1452 1209; x_wconf 88' lang='lat' dir='ltr'><strong>furere,</strong></span> <span class='ocrx_word' id='word_1_154' title='bbox 1504 1154 1620 1209; x_wconf 88' lang='lat' dir='ltr'><strong>quod</strong></span> <span class='ocrx_word' id='word_1_155' title='bbox 1667 1168 1711 1196; x_wconf 85' lang='lat' dir='ltr'><strong>se</strong></span> 
     </span>
     <span class='ocr_line' id='line_1_27' title="bbox 142 1213 1711 1270; baseline -0.001 -15"><span class='ocrx_word' id='word_1_156' title='bbox 142 1215 319 1256; x_wconf 80' lang='lat' dir='ltr'><strong>absente</strong></span> <span class='ocrx_word' id='word_1_157' title='bbox 363 1229 430 1256; x_wconf 86' lang='lat' dir='ltr'><strong>res</strong></span> <span class='ocrx_word' id='word_1_158' title='bbox 475 1215 649 1269; x_wconf 88' lang='lat' dir='ltr'><strong>publica</strong></span> <span class='ocrx_word' id='word_1_159' title='bbox 695 1215 866 1270; x_wconf 80' lang='lat' dir='ltr'><strong>egregie</strong></span> <span class='ocrx_word' id='word_1_160' title='bbox 913 1218 1038 1269; x_wconf 87' lang='lat' dir='ltr'><strong>gesta</strong></span> <span class='ocrx_word' id='word_1_161' title='bbox 1083 1219 1214 1268; x_wconf 82' lang='lat' dir='ltr'><strong>esset3</strong></span> <span class='ocrx_word' id='word_1_162' title='bbox 1267 1214 1412 1268; x_wconf 87' lang='lat' dir='ltr'><strong>malle,</strong></span> <span class='ocrx_word' id='word_1_163' title='bbox 1457 1213 1493 1254; x_wconf 86' lang='lat' dir='ltr'><strong>si</strong></span> <span class='ocrx_word' id='word_1_164' title='bbox 1538 1215 1711 1255; x_wconf 88' lang='lat' dir='ltr'><strong>mutare</strong></span> 
     </span>
     <span class='ocr_line' id='line_1_28' title="bbox 141 1271 1709 1327; baseline -0.001 -13"><span class='ocrx_word' id='word_1_165' title='bbox 141 1273 360 1314; x_wconf 83' lang='lat' dir='ltr'><strong>fortunam</strong></span> <span class='ocrx_word' id='word_1_166' title='bbox 403 1276 567 1327; x_wconf 87' lang='lat' dir='ltr'><strong>posset,</strong></span> <span class='ocrx_word' id='word_1_167' title='bbox 610 1274 723 1327; x_wconf 89' lang='lat' dir='ltr'><strong>apud</strong></span> <span class='ocrx_word' id='word_1_168' title='bbox 771 1272 986 1315; x_wconf 80' lang='lat' dir='ltr'><strong>Samnites</strong></span> <span class='ocrx_word' id='word_1_169' title='bbox 1035 1288 1162 1327; x_wconf 89' lang='lat' dir='ltr'><strong>quam</strong></span> <span class='ocrx_word' id='word_1_170' title='bbox 1207 1272 1430 1315; x_wconf 82' lang='lat' dir='ltr'><strong>Romanos</strong></span> <span class='ocrx_word' id='word_1_171' title='bbox 1476 1271 1709 1314; x_wconf 86' lang='lat' dir='ltr'><strong>victoriam</strong></span> 
     </span>
     <span class='ocr_line' id='line_1_29' title="bbox 144 1331 1710 1386; baseline -0.001 -13"><span class='ocrx_word' id='word_1_172' title='bbox 144 1346 246 1373; x_wconf 85' lang='lat' dir='ltr'><strong>esse.</strong></span> <span class='ocrx_word' id='word_1_173' title='bbox 296 1332 526 1386; x_wconf 89' lang='lat' dir='ltr'><strong>imperium</strong></span> <span class='ocrx_word' id='word_1_174' title='bbox 554 1332 750 1373; x_wconf 85' lang='lat' dir='ltr'><strong>dictitare</strong></span> <span class='ocrx_word' id='word_1_175' title='bbox 778 1335 981 1386; x_wconf 87' lang='lat' dir='ltr'><strong>spretum,</strong></span> <span class='ocrx_word' id='word_1_176' title='bbox 1014 1334 1236 1385; x_wconf 87' lang='lat' dir='ltr'><strong>tamquam</strong></span> <span class='ocrx_word' id='word_1_177' title='bbox 1267 1346 1355 1373; x_wconf 89' lang='lat' dir='ltr'><strong>non</strong></span> <span class='ocrx_word' id='word_1_178' title='bbox 1381 1331 1529 1373; x_wconf 88' lang='lat' dir='ltr'><strong>eadem</strong></span> <span class='ocrx_word' id='word_1_179' title='bbox 1562 1333 1710 1372; x_wconf 88' lang='lat' dir='ltr'><strong>mente</strong></span> 
     </span>
     <span class='ocr_line' id='line_1_30' title="bbox 139 1389 1709 1446; baseline -0.001 -15"><span class='ocrx_word' id='word_1_180' title='bbox 139 1392 324 1445; x_wconf 84' lang='lat' dir='ltr'><strong>pugnari</strong></span> <span class='ocrx_word' id='word_1_181' title='bbox 360 1392 561 1445; x_wconf 87' lang='lat' dir='ltr'><strong>vetuerit,</strong></span> <span class='ocrx_word' id='word_1_182' title='bbox 601 1405 684 1445; x_wconf 89' lang='lat' dir='ltr'><strong>qua</strong></span> <span class='ocrx_word' id='word_1_183' title='bbox 724 1393 965 1446; x_wconf 87' lang='lat' dir='ltr'><strong>pugnatum</strong></span> <span class='ocrx_word' id='word_1_184' title='bbox 1004 1390 1158 1432; x_wconf 90' lang='lat' dir='ltr'><strong>doleat.</strong></span> <span class='ocrx_word' id='word_1_185' title='bbox 1215 1393 1257 1431; x_wconf 91' lang='lat' dir='ltr'><strong>et</strong></span> <span class='ocrx_word' id='word_1_186' title='bbox 1296 1394 1398 1432; x_wconf 83' lang='lat' dir='ltr'><strong>tunc</strong></span> <span class='ocrx_word' id='word_1_187' title='bbox 1430 1389 1596 1431; x_wconf 87' lang='lat' dir='ltr'><strong>invidia</strong></span> <span class='ocrx_word' id='word_1_188' title='bbox 1629 1390 1709 1430; x_wconf 91' lang='lat' dir='ltr'><strong>im-</strong></span> 
     </span>
     <span class='ocr_line' id='line_1_31' title="bbox 141 1449 1708 1503; baseline -0.001 -13"><span class='ocrx_word' id='word_1_189' title='bbox 141 1449 287 1503; x_wconf 89' lang='lat' dir='ltr'><strong>pedire</strong></span> <span class='ocrx_word' id='word_1_190' title='bbox 329 1450 531 1491; x_wconf 83' lang='lat' dir='ltr'><strong>virtutem</strong></span> <span class='ocrx_word' id='word_1_191' title='bbox 571 1450 756 1490; x_wconf 87' lang='lat' dir='ltr'><strong>alienam</strong></span> <span class='ocrx_word' id='word_1_192' title='bbox 794 1449 980 1490; x_wconf 84' lang='lat' dir='ltr'><strong>voluisse</strong></span> <span class='ocrx_word' id='word_1_193' title='bbox 1018 1449 1390 1503; x_wconf 86' lang='lat' dir='ltr'><strong>cupidissimisque</strong></span> <span class='ocrx_word' id='word_1_194' title='bbox 1429 1463 1550 1489; x_wconf 87' lang='lat' dir='ltr'><strong>arma</strong></span> <span class='ocrx_word' id='word_1_195' title='bbox 1591 1449 1708 1490; x_wconf 91' lang='lat' dir='ltr'><strong>abla-</strong></span> 
     </span>
     <span class='ocr_line' id='line_1_32' title="bbox 142 1507 1709 1561; baseline 0.001 -13"><span class='ocrx_word' id='word_1_196' title='bbox 142 1512 286 1548; x_wconf 88' lang='lat' dir='ltr'><strong>turum</strong></span> <span class='ocrx_word' id='word_1_197' title='bbox 318 1508 451 1549; x_wconf 84' lang='lat' dir='ltr'><strong>fuisse</strong></span> <span class='ocrx_word' id='word_1_198' title='bbox 484 1508 706 1561; x_wconf 82' lang='lat' dir='ltr'><strong>militibus,</strong></span> <span class='ocrx_word' id='word_1_199' title='bbox 737 1522 790 1549; x_wconf 90' lang='lat' dir='ltr'><strong>ne</strong></span> <span class='ocrx_word' id='word_1_200' title='bbox 823 1522 867 1549; x_wconf 91' lang='lat' dir='ltr'><strong>se</strong></span> <span class='ocrx_word' id='word_1_201' title='bbox 899 1508 1077 1549; x_wconf 87' lang='lat' dir='ltr'><strong>absente</strong></span> <span class='ocrx_word' id='word_1_202' title='bbox 1104 1507 1268 1549; x_wconf 86' lang='lat' dir='ltr'><strong>moveri</strong></span> <span class='ocrx_word' id='word_1_203' title='bbox 1293 1509 1490 1561; x_wconf 79' lang='lat' dir='ltr'><strong>possent3</strong></span> <span class='ocrx_word' id='word_1_204' title='bbox 1524 1509 1567 1547; x_wconf 90' lang='lat' dir='ltr'><strong>et</strong></span> <span class='ocrx_word' id='word_1_205' title='bbox 1594 1521 1709 1549; x_wconf 88' lang='lat' dir='ltr'><strong>nunc</strong></span> 
     </span>
     <span class='ocr_line' id='line_1_33' title="bbox 143 1565 1706 1621; baseline -0.001 -14"><span class='ocrx_word' id='word_1_206' title='bbox 143 1566 185 1607; x_wconf 86' lang='lat' dir='ltr'><strong>id</strong></span> <span class='ocrx_word' id='word_1_207' title='bbox 223 1566 382 1620; x_wconf 84' lang='lat' dir='ltr'><strong>furere,</strong></span> <span class='ocrx_word' id='word_1_208' title='bbox 420 1567 463 1608; x_wconf 90' lang='lat' dir='ltr'><strong>id</strong></span> <span class='ocrx_word' id='word_1_209' title='bbox 502 1580 628 1621; x_wconf 87' lang='lat' dir='ltr'><strong>aegre</strong></span> <span class='ocrx_word' id='word_1_210' title='bbox 667 1567 775 1620; x_wconf 90' lang='lat' dir='ltr'><strong>pati,</strong></span> <span class='ocrx_word' id='word_1_211' title='bbox 815 1567 928 1621; x_wconf 91' lang='lat' dir='ltr'><strong>quod</strong></span> <span class='ocrx_word' id='word_1_212' title='bbox 967 1566 1057 1608; x_wconf 91' lang='lat' dir='ltr'><strong>sine</strong></span> <span class='ocrx_word' id='word_1_213' title='bbox 1096 1565 1142 1607; x_wconf 90' lang='lat' dir='ltr'><strong>L.</strong></span> <span class='ocrx_word' id='word_1_214' title='bbox 1169 1566 1341 1619; x_wconf 87' lang='lat' dir='ltr'><strong>Papirio</strong></span> <span class='ocrx_word' id='word_1_215' title='bbox 1378 1580 1467 1607; x_wconf 87' lang='lat' dir='ltr'><strong>non</strong></span> <span class='ocrx_word' id='word_1_216' title='bbox 1504 1565 1706 1616; x_wconf 89' lang='lat' dir='ltr'><strong>inermes,</strong></span> 
     </span>
     <span class='ocr_line' id='line_1_34' title="bbox 143 1623 1708 1679; baseline -0.001 -13"><span class='ocrx_word' id='word_1_217' title='bbox 143 1639 232 1666; x_wconf 89' lang='lat' dir='ltr'><strong>non</strong></span> <span class='ocrx_word' id='word_1_218' title='bbox 276 1625 416 1666; x_wconf 88' lang='lat' dir='ltr'><strong>manci</strong></span> <span class='ocrx_word' id='word_1_219' title='bbox 463 1626 623 1667; x_wconf 88' lang='lat' dir='ltr'><strong>milites</strong></span> <span class='ocrx_word' id='word_1_220' title='bbox 674 1625 853 1675; x_wconf 86' lang='lat' dir='ltr'><strong>fuerint,</strong></span> <span class='ocrx_word' id='word_1_221' title='bbox 904 1624 1017 1679; x_wconf 87' lang='lat' dir='ltr'><strong>quod</strong></span> <span class='ocrx_word' id='word_1_222' title='bbox 1066 1639 1109 1665; x_wconf 88' lang='lat' dir='ltr'><strong>se</strong></span> <span class='ocrx_word' id='word_1_223' title='bbox 1159 1624 1206 1674; x_wconf 85' lang='lat' dir='ltr'><strong>Q.</strong></span> <span class='ocrx_word' id='word_1_224' title='bbox 1247 1623 1405 1666; x_wconf 85' lang='lat' dir='ltr'><strong>Fabius</strong></span> <span class='ocrx_word' id='word_1_225' title='bbox 1451 1623 1708 1678; x_wconf 87' lang='lat' dir='ltr'><strong>magistrum</strong></span> 
     </span>
     <span class='ocr_line' id='line_1_35' title="bbox 148 1682 1717 1737; baseline -0.001 -12"><span class='ocrx_word' id='word_1_226' title='bbox 148 1684 339 1737; x_wconf 89' lang='lat' dir='ltr'><strong>equitum</strong></span> <span class='ocrx_word' id='word_1_227' title='bbox 371 1684 540 1725; x_wconf 82' lang='lat' dir='ltr'><strong>duxerit</strong></span> <span class='ocrx_word' id='word_1_228' title='bbox 571 1699 619 1726; x_wconf 91' lang='lat' dir='ltr'><strong>ac</strong></span> <span class='ocrx_word' id='word_1_229' title='bbox 651 1698 738 1725; x_wconf 87' lang='lat' dir='ltr'><strong>non</strong></span> <span class='ocrx_word' id='word_1_230' title='bbox 772 1698 997 1725; x_wconf 90' lang='lat' dir='ltr'><strong>accensum</strong></span> <span class='ocrx_word' id='word_1_231' title='bbox 1031 1683 1268 1725; x_wconf 88' lang='lat' dir='ltr'><strong>dictatoris.</strong></span> <span class='ocrx_word' id='word_1_232' title='bbox 1331 1682 1433 1737; x_wconf 89' lang='lat' dir='ltr'><strong>quid</strong></span> <span class='ocrx_word' id='word_1_233' title='bbox 1471 1683 1596 1724; x_wconf 90' lang='lat' dir='ltr'><strong>illum</strong></span> <span class='ocrx_word' id='word_1_234' title='bbox 1629 1682 1717 1724; x_wconf 83' lang='lat' dir='ltr'><strong>fac-</strong></span> 
     </span>
     <span class='ocr_line' id='line_1_36' title="bbox 144 1741 1713 1797; baseline -0.001 -14"><span class='ocrx_word' id='word_1_235' title='bbox 144 1745 289 1784; x_wconf 90' lang='lat' dir='ltr'><strong>turum</strong></span> <span class='ocrx_word' id='word_1_236' title='bbox 322 1742 475 1797; x_wconf 88' lang='lat' dir='ltr'><strong>fuisse,</strong></span> <span class='ocrx_word' id='word_1_237' title='bbox 515 1743 568 1796; x_wconf 87' lang='lat' dir='ltr'><strong>si,</strong></span> <span class='ocrx_word' id='word_1_238' title='bbox 609 1743 722 1797; x_wconf 90' lang='lat' dir='ltr'><strong>quod</strong></span> <span class='ocrx_word' id='word_1_239' title='bbox 756 1743 859 1784; x_wconf 89' lang='lat' dir='ltr'><strong>belli</strong></span> <span class='ocrx_word' id='word_1_240' title='bbox 891 1756 1016 1784; x_wconf 86' lang='lat' dir='ltr'><strong>casus</strong></span> <span class='ocrx_word' id='word_1_241' title='bbox 1049 1742 1193 1783; x_wconf 84' lang='lat' dir='ltr'><strong>ferunt</strong></span> <span class='ocrx_word' id='word_1_242' title='bbox 1226 1741 1425 1796; x_wconf 88' lang='lat' dir='ltr'><strong>Marsque</strong></span> <span class='ocrx_word' id='word_1_243' title='bbox 1458 1741 1713 1795; x_wconf 86' lang='lat' dir='ltr'><strong>communis,</strong></span> 
     </span>
     <span class='ocr_line' id='line_1_37' title="bbox 145 1800 1718 1856; baseline -0.001 -14"><span class='ocrx_word' id='word_1_244' title='bbox 145 1801 324 1842; x_wconf 87' lang='lat' dir='ltr'><strong>adversa</strong></span> <span class='ocrx_word' id='word_1_245' title='bbox 349 1815 497 1856; x_wconf 88' lang='lat' dir='ltr'><strong>pugna</strong></span> <span class='ocrx_word' id='word_1_246' title='bbox 529 1802 758 1855; x_wconf 86' lang='lat' dir='ltr'><strong>evenisset,</strong></span> <span class='ocrx_word' id='word_1_247' title='bbox 792 1801 865 1855; x_wconf 90' lang='lat' dir='ltr'><strong>qui</strong></span> <span class='ocrx_word' id='word_1_248' title='bbox 899 1801 983 1842; x_wconf 88' lang='lat' dir='ltr'><strong>sibi</strong></span> <span class='ocrx_word' id='word_1_249' title='bbox 1016 1800 1193 1842; x_wconf 84' lang='lat' dir='ltr'><strong>devictis</strong></span> <span class='ocrx_word' id='word_1_250' title='bbox 1229 1800 1442 1855; x_wconf 89' lang='lat' dir='ltr'><strong>hostibus,</strong></span> <span class='ocrx_word' id='word_1_251' title='bbox 1473 1814 1519 1841; x_wconf 91' lang='lat' dir='ltr'><strong>re</strong></span> <span class='ocrx_word' id='word_1_252' title='bbox 1544 1800 1718 1854; x_wconf 88' lang='lat' dir='ltr'><strong>publica</strong></span> 
     </span>
    </p>
   </div>
   <div class='ocr_carea' id='block_1_11' title="bbox 195 1926 1710 1973">
    <p class='ocr_par' dir='ltr' id='par_1_12' title="bbox 195 1926 1710 1973">
     <span class='ocr_line' id='line_1_38' title="bbox 195 1926 1710 1973; baseline -0.001 -11"><span class='ocrx_word' id='word_1_253' title='bbox 195 1932 249 1962; x_wconf 91' lang='grc'><strong>11.</strong></span> <span class='ocrx_word' id='word_1_254' title='bbox 275 1931 352 1962; x_wconf 65' lang='lat' dir='ltr'><strong>tum</strong></span> <span class='ocrx_word' id='word_1_255' title='bbox 376 1928 474 1973; x_wconf 82' lang='lat' dir='ltr'><strong>vero]</strong></span> <span class='ocrx_word' id='word_1_256' title='bbox 503 1928 617 1962; x_wconf 79' lang='lat' dir='ltr'><strong>‘dann</strong></span> <span class='ocrx_word' id='word_1_257' title='bbox 631 1928 668 1962; x_wconf 90' lang='lat' dir='ltr'><strong>in</strong></span> <span class='ocrx_word' id='word_1_258' title='bbox 683 1927 884 1971; x_wconf 86' lang='lat' dir='ltr'><strong>derThat’‚</strong></span> <span class='ocrx_word' id='word_1_259' title='bbox 959 1928 1119 1962; x_wconf 83' lang='lat' dir='ltr'><strong>sondera</strong></span> <span class='ocrx_word' id='word_1_260' title='bbox 1159 1928 1270 1961; x_wconf 80' lang='lat' dir='ltr'><strong>unter</strong></span> <span class='ocrx_word' id='word_1_261' title='bbox 1303 1926 1375 1961; x_wconf 90' lang='lat' dir='ltr'><strong>den</strong></span> <span class='ocrx_word' id='word_1_262' title='bbox 1407 1926 1609 1970; x_wconf 84' lang='lat' dir='ltr'><strong>Auspizien</strong></span> <span class='ocrx_word' id='word_1_263' title='bbox 1644 1926 1710 1961; x_wconf 86' lang='lat' dir='ltr'><strong>des</strong></span> 
     </span>
    </p>
   </div>
   <div class='ocr_carea' id='block_1_12' title="bbox 144 1974 896 2664">
    <p class='ocr_par' dir='ltr' id='par_1_13' title="bbox 144 1974 886 2114">
     <span class='ocr_line' id='line_1_39' title="bbox 144 1974 886 2018; baseline 0.001 -10"><span class='ocrx_word' id='word_1_264' title='bbox 144 1974 436 2009; x_wconf 70' lang='lat' dir='ltr'><strong>nachdri&#39;icklich</strong></span> <span class='ocrx_word' id='word_1_265' title='bbox 462 1976 528 2009; x_wconf 87' lang='lat' dir='ltr'><strong>auf</strong></span> <span class='ocrx_word' id='word_1_266' title='bbox 549 1976 621 2010; x_wconf 89' lang='lat' dir='ltr'><strong>den</strong></span> <span class='ocrx_word' id='word_1_267' title='bbox 646 1974 886 2018; x_wconf 84' lang='lat' dir='ltr'><strong>nachfolgeu-</strong></span> 
     </span>
     <span class='ocr_line' id='line_1_40' title="bbox 146 2021 885 2066; baseline 0.001 -11"><span class='ocrx_word' id='word_1_268' title='bbox 146 2022 218 2056; x_wconf 87' lang='lat' dir='ltr'><strong>den</strong></span> <span class='ocrx_word' id='word_1_269' title='bbox 231 2021 552 2066; x_wconf 80' lang='lat' dir='ltr'><strong>Bedingungssatz</strong></span> <span class='ocrx_word' id='word_1_270' title='bbox 566 2021 885 2066; x_wconf 83' lang='lat' dir='ltr'><strong>hinweisend(wie</strong></span> 
     </span>
     <span class='ocr_line' id='line_1_41' title="bbox 147 2068 623 2114; baseline 0 -11"><span class='ocrx_word' id='word_1_271' title='bbox 147 2068 186 2114; x_wconf 76' lang='grc'><strong>6,</strong></span> <span class='ocrx_word' id='word_1_272' title='bbox 209 2072 263 2110; x_wconf 75' lang='lat'><strong>14,</strong></span> <span class='ocrx_word' id='word_1_273' title='bbox 283 2072 305 2101; x_wconf 88' lang='lat'>4</span> <span class='ocrx_word' id='word_1_274' title='bbox 324 2068 399 2102; x_wconf 83' lang='lat' dir='ltr'><strong>und</strong></span> <span class='ocrx_word' id='word_1_275' title='bbox 423 2069 457 2114; x_wconf 74' lang='lat'><strong>7,</strong></span> <span class='ocrx_word' id='word_1_276' title='bbox 478 2072 534 2111; x_wconf 64' lang='lat'><strong>34,</strong></span> <span class='ocrx_word' id='word_1_277' title='bbox 558 2070 623 2112; x_wconf 75' lang='lat'>14).</span> 
     </span>
    </p>

    <p class='ocr_par' dir='ltr' id='par_1_14' title="bbox 148 2115 890 2439">
     <span class='ocr_line' id='line_1_42' title="bbox 194 2115 885 2159; baseline 0.001 -11"><span class='ocrx_word' id='word_1_278' title='bbox 194 2116 340 2159; x_wconf 74' lang='lat' dir='ltr'><strong>victam]</strong></span> <span class='ocrx_word' id='word_1_279' title='bbox 371 2115 681 2159; x_wconf 81' lang='lat' dir='ltr'><strong>‘fiberwunden’‚</strong></span> <span class='ocrx_word' id='word_1_280' title='bbox 719 2126 768 2150; x_wconf 86' lang='lat' dir='ltr'><strong>sc.</strong></span> <span class='ocrx_word' id='word_1_281' title='bbox 804 2126 885 2149; x_wconf 72' lang='lat' dir='ltr'><strong>esse.</strong></span> 
     </span>
     <span class='ocr_line' id='line_1_43' title="bbox 148 2161 885 2197; baseline 0 -1"><span class='ocrx_word' id='word_1_282' title='bbox 148 2162 222 2196; x_wconf 85' lang='lat' dir='ltr'><strong>Der</strong></span> <span class='ocrx_word' id='word_1_283' title='bbox 252 2161 322 2195; x_wconf 82' lang='lat' dir='ltr'><strong>Inf.</strong></span> <span class='ocrx_word' id='word_1_284' title='bbox 351 2161 446 2196; x_wconf 88' lang='lat' dir='ltr'><strong>Perf.</strong></span> <span class='ocrx_word' id='word_1_285' title='bbox 481 2163 574 2196; x_wconf 84' lang='lat' dir='ltr'><strong>statt</strong></span> <span class='ocrx_word' id='word_1_286' title='bbox 611 2162 674 2197; x_wconf 85' lang='lat' dir='ltr'><strong>des</strong></span> <span class='ocrx_word' id='word_1_287' title='bbox 704 2161 771 2196; x_wconf 84' lang='lat' dir='ltr'>Inf.</span> <span class='ocrx_word' id='word_1_288' title='bbox 804 2162 885 2197; x_wconf 88' lang='lat' dir='ltr'><strong>Fut.</strong></span> 
     </span>
     <span class='ocr_line' id='line_1_44' title="bbox 148 2208 888 2254; baseline 0.003 -12"><span class='ocrx_word' id='word_1_289' title='bbox 148 2208 367 2243; x_wconf 85' lang='lat' dir='ltr'><strong>bezeichnet</strong></span> <span class='ocrx_word' id='word_1_290' title='bbox 381 2208 439 2243; x_wconf 80' lang='lat' dir='ltr'><strong>(lie</strong></span> <span class='ocrx_word' id='word_1_291' title='bbox 455 2208 672 2243; x_wconf 69' lang='lat' dir='ltr'><strong>Gewissheit</strong></span> <span class='ocrx_word' id='word_1_292' title='bbox 686 2209 750 2244; x_wconf 86' lang='lat' dir='ltr'><strong>der</strong></span> <span class='ocrx_word' id='word_1_293' title='bbox 762 2209 888 2254; x_wconf 85' lang='lat' dir='ltr'><strong>Folge.</strong></span> 
     </span>
     <span class='ocr_line' id='line_1_45' title="bbox 149 2254 889 2300; baseline 0.003 -12"><span class='ocrx_word' id='word_1_294' title='bbox 149 2254 302 2289; x_wconf 82' lang='lat' dir='ltr'><strong>Direkte</strong></span> <span class='ocrx_word' id='word_1_295' title='bbox 328 2255 446 2290; x_wconf 88' lang='lat' dir='ltr'><strong>Rede:</strong></span> <span class='ocrx_word' id='word_1_296' title='bbox 485 2256 683 2300; x_wconf 73' lang='lat' dir='ltr'><strong>disciplina</strong></span> <span class='ocrx_word' id='word_1_297' title='bbox 714 2257 889 2290; x_wconf 73' lang='lat' dir='ltr'><strong>militaris</strong></span> 
     </span>
     <span class='ocr_line' id='line_1_46' title="bbox 151 2302 890 2346; baseline 0.001 -10"><span class='ocrx_word' id='word_1_298' title='bbox 151 2314 174 2336; x_wconf 86' lang='grc' dir='ltr'><em>α</em></span> <span class='ocrx_word' id='word_1_299' title='bbox 200 2302 372 2346; x_wconf 71' lang='lat' dir='ltr'><strong>mayistro</strong></span> <span class='ocrx_word' id='word_1_300' title='bbox 403 2303 561 2346; x_wconf 72' lang='lat' dir='ltr'><strong>equitum</strong></span> <span class='ocrx_word' id='word_1_301' title='bbox 592 2303 688 2338; x_wconf 78' lang='lat' dir='ltr'><strong>victa</strong></span> <span class='ocrx_word' id='word_1_302' title='bbox 713 2306 745 2337; x_wconf 76' lang='lat' dir='ltr'><strong>et</strong></span> <span class='ocrx_word' id='word_1_303' title='bbox 771 2313 890 2337; x_wconf 62' lang='lat' dir='ltr'><strong>eversa</strong></span> 
     </span>
     <span class='ocr_line' id='line_1_47' title="bbox 151 2350 890 2393; baseline 0 -9"><span class='ocrx_word' id='word_1_304' title='bbox 151 2352 212 2390; x_wconf 78' lang='lat' dir='ltr'><strong>est,</strong></span> <span class='ocrx_word' id='word_1_305' title='bbox 230 2350 263 2383; x_wconf 86' lang='lat' dir='ltr'><strong>si</strong></span> <span class='ocrx_word' id='word_1_306' title='bbox 280 2350 340 2384; x_wconf 82' lang='lat' dir='ltr'><strong>illi</strong></span> <span class='ocrx_word' id='word_1_307' title='bbox 359 2350 506 2393; x_wconf 75' lang='lat' dir='ltr'><strong>impune</strong></span> <span class='ocrx_word' id='word_1_308' title='bbox 524 2353 683 2393; x_wconf 70' lang='lat' dir='ltr'><strong>spretum</strong></span> <span class='ocrx_word' id='word_1_309' title='bbox 697 2351 890 2393; x_wconf 72' lang='lat' dir='ltr'><strong>imperium</strong></span> 
     </span>
     <span class='ocr_line' id='line_1_48' title="bbox 149 2397 273 2439; baseline -0.008 -9"><span class='ocrx_word' id='word_1_310' title='bbox 149 2397 273 2439; x_wconf 74' lang='lat' dir='ltr'><strong>fuerit.</strong></span> 
     </span>
    </p>

    <p class='ocr_par' dir='ltr' id='par_1_15' title="bbox 151 2442 890 2534">
     <span class='ocr_line' id='line_1_49' title="bbox 202 2442 890 2489; baseline 0 -13"><span class='ocrx_word' id='word_1_311' title='bbox 202 2446 255 2477; x_wconf 87' lang='lat'><strong>13.</strong></span> <span class='ocrx_word' id='word_1_312' title='bbox 283 2443 433 2477; x_wconf 78' lang='lat' dir='ltr'><strong>alternis</strong></span> <span class='ocrx_word' id='word_1_313' title='bbox 447 2454 519 2487; x_wconf 66' lang='lat' dir='ltr'><strong>pac</strong></span> <span class='ocrx_word' id='word_1_314' title='bbox 523 2454 564 2477; x_wconf 78' lang='lat' dir='ltr'><strong>ne</strong></span> <span class='ocrx_word' id='word_1_315' title='bbox 582 2443 714 2489; x_wconf 75' lang='lat' dir='ltr'><strong>verbis]</strong></span> <span class='ocrx_word' id='word_1_316' title='bbox 736 2442 811 2478; x_wconf 85' lang='lat' dir='ltr'><strong>fast</strong></span> <span class='ocrx_word' id='word_1_317' title='bbox 821 2442 890 2477; x_wconf 90' lang='lat' dir='ltr'><strong>mit</strong></span> 
     </span>
     <span class='ocr_line' id='line_1_50' title="bbox 151 2489 606 2534; baseline 0.002 -11"><span class='ocrx_word' id='word_1_318' title='bbox 151 2489 276 2534; x_wconf 77' lang='lat' dir='ltr'><strong>jedem</strong></span> <span class='ocrx_word' id='word_1_319' title='bbox 304 2489 460 2523; x_wconf 78' lang='lat' dir='ltr'><strong>zweiten</strong></span> <span class='ocrx_word' id='word_1_320' title='bbox 486 2490 606 2525; x_wconf 85' lang='lat' dir='ltr'><strong>Wort.</strong></span> 
     </span>
    </p>

    <p class='ocr_par' dir='ltr' id='par_1_16' title="bbox 205 2536 896 2627">
     <span class='ocr_line' id='line_1_51' title="bbox 205 2536 896 2627; baseline 0.001 -57"><span class='ocrx_word' id='word_1_321' title='bbox 205 2536 246 2570; x_wconf 88' lang='lat' dir='ltr'><strong>T.</strong></span> <span class='ocrx_word' id='word_1_322' title='bbox 273 2536 432 2627; x_wconf 72' lang='lat' dir='ltr'><strong>fDIanIii</strong></span> <span class='ocrx_word' id='word_1_323' title='bbox 473 2537 633 2582; x_wconf 63' lang='lat' dir='ltr'><strong>factum]</strong></span> <span class='ocrx_word' id='word_1_324' title='bbox 678 2536 763 2580; x_wconf 83' lang='lat' dir='ltr'><strong>Vgl.</strong></span> <span class='ocrx_word' id='word_1_325' title='bbox 802 2536 896 2581; x_wconf 88' lang='lat' dir='ltr'><strong>Kap.</strong></span> 
     </span>
    </p>

    <p class='ocr_par' dir='ltr' id='par_1_17' title="bbox 204 2629 336 2664">
     <span class='ocr_line' id='line_1_52' title="bbox 204 2629 336 2664; baseline -0.008 -0.992"><span class='ocrx_word' id='word_1_326' title='bbox 204 2629 266 2664; x_wconf 83' lang='lat'><strong>31.</strong></span> <span class='ocrx_word' id='word_1_327' title='bbox 307 2633 336 2662; x_wconf 92' lang='grc'><strong>1.</strong></span> 
     </span>
    </p>
   </div>
   <div class='ocr_carea' id='block_1_13' title="bbox 157 2629 906 2908">
    <p class='ocr_par' dir='ltr' id='par_1_18' title="bbox 157 2629 906 2908">
     <span class='ocr_line' id='line_1_53' title="bbox 375 2629 899 2675; baseline 0 -12"><span class='ocrx_word' id='word_1_328' title='bbox 375 2630 488 2664; x_wconf 65' lang='lat' dir='ltr'><strong>ductu</strong></span> <span class='ocrx_word' id='word_1_329' title='bbox 526 2630 775 2675; x_wconf 71' lang='lat' dir='ltr'><strong>auspicioque]</strong></span> <span class='ocrx_word' id='word_1_330' title='bbox 816 2629 899 2664; x_wconf 86' lang='lat' dir='ltr'><strong>eine</strong></span> 
     </span>
     <span class='ocr_line' id='line_1_54' title="bbox 157 2676 901 2720; baseline 0 -10"><span class='ocrx_word' id='word_1_331' title='bbox 157 2676 305 2720; x_wconf 75' lang='lat' dir='ltr'><strong>haufige</strong></span> <span class='ocrx_word' id='word_1_332' title='bbox 313 2676 666 2720; x_wconf 86' lang='lat' dir='ltr'><strong>Wortverbindung,</strong></span> <span class='ocrx_word' id='word_1_333' title='bbox 682 2679 780 2712; x_wconf 88' lang='lat' dir='ltr'><strong>etwa</strong></span> <span class='ocrx_word' id='word_1_334' title='bbox 790 2676 901 2710; x_wconf 77' lang='lat' dir='ltr'><strong>‘Ffih-</strong></span> 
     </span>
     <span class='ocr_line' id='line_1_55' title="bbox 158 2722 906 2767; baseline 0 -11"><span class='ocrx_word' id='word_1_335' title='bbox 158 2734 254 2767; x_wconf 84' lang='lat' dir='ltr'><strong>rung</strong></span> <span class='ocrx_word' id='word_1_336' title='bbox 267 2722 343 2756; x_wconf 87' lang='lat' dir='ltr'><strong>und</strong></span> <span class='ocrx_word' id='word_1_337' title='bbox 357 2722 547 2767; x_wconf 86' lang='lat' dir='ltr'><strong>Leitung’,</strong></span> <span class='ocrx_word' id='word_1_338' title='bbox 561 2722 641 2758; x_wconf 87' lang='lat' dir='ltr'><strong>hier</strong></span> <span class='ocrx_word' id='word_1_339' title='bbox 655 2723 906 2758; x_wconf 87' lang='lat' dir='ltr'><strong>rhetorischer</strong></span> 
     </span>
     <span class='ocr_line' id='line_1_56' title="bbox 160 2769 905 2814; baseline 0.001 -11"><span class='ocrx_word' id='word_1_340' title='bbox 160 2769 354 2804; x_wconf 85' lang='lat' dir='ltr'><strong>Ausdruck</strong></span> <span class='ocrx_word' id='word_1_341' title='bbox 381 2770 529 2813; x_wconf 83' lang='lat' dir='ltr'><strong>(ebenso</strong></span> <span class='ocrx_word' id='word_1_342' title='bbox 556 2770 648 2814; x_wconf 81' lang='lat' dir='ltr'><strong>Kap.</strong></span> <span class='ocrx_word' id='word_1_343' title='bbox 670 2774 726 2814; x_wconf 88' lang='lat'><strong>33,</strong></span> <span class='ocrx_word' id='word_1_344' title='bbox 748 2771 824 2814; x_wconf 77' lang='lat'><strong>22),</strong></span> <span class='ocrx_word' id='word_1_345' title='bbox 851 2770 905 2804; x_wconf 90' lang='lat' dir='ltr'><strong>in-</strong></span> 
     </span>
     <span class='ocr_line' id='line_1_57' title="bbox 162 2816 904 2852; baseline 0.001 -3"><span class='ocrx_word' id='word_1_346' title='bbox 162 2816 245 2850; x_wconf 89' lang='lat' dir='ltr'><strong>dem</strong></span> <span class='ocrx_word' id='word_1_347' title='bbox 286 2817 350 2850; x_wconf 89' lang='lat' dir='ltr'><strong>der</strong></span> <span class='ocrx_word' id='word_1_348' title='bbox 394 2816 651 2851; x_wconf 82' lang='lat' dir='ltr'><strong>Reiteroberst</strong></span> <span class='ocrx_word' id='word_1_349' title='bbox 695 2818 796 2852; x_wconf 84' lang='lat' dir='ltr'><strong>sonst</strong></span> <span class='ocrx_word' id='word_1_350' title='bbox 839 2817 904 2851; x_wconf 86' lang='lat' dir='ltr'><strong>das</strong></span> 
     </span>
     <span class='ocr_line' id='line_1_58' title="bbox 161 2862 904 2908; baseline 0.001 -12"><span class='ocrx_word' id='word_1_351' title='bbox 161 2862 281 2897; x_wconf 88' lang='lat' dir='ltr'><strong>Recht</strong></span> <span class='ocrx_word' id='word_1_352' title='bbox 313 2863 378 2898; x_wconf 88' lang='lat' dir='ltr'><strong>der</strong></span> <span class='ocrx_word' id='word_1_353' title='bbox 403 2862 603 2908; x_wconf 89' lang='lat' dir='ltr'><strong>Auspizien</strong></span> <span class='ocrx_word' id='word_1_354' title='bbox 636 2862 741 2899; x_wconf 84' lang='lat' dir='ltr'><strong>nicht</strong></span> <span class='ocrx_word' id='word_1_355' title='bbox 771 2863 904 2907; x_wconf 82' lang='lat' dir='ltr'><strong>besass‚</strong></span> 
     </span>
    </p>
   </div>
   <div class='ocr_carea' id='block_1_14' title="bbox 958 1973 1711 2072">
    <p class='ocr_par' dir='ltr' id='par_1_19' title="bbox 958 1973 1711 2072">
     <span class='ocr_line' id='line_1_59' title="bbox 958 1973 1301 2009; baseline 0.003 -1"><span class='ocrx_word' id='word_1_356' title='bbox 958 1974 1153 2009; x_wconf 86' lang='lat' dir='ltr'><strong>Diktators</strong></span> <span class='ocrx_word' id='word_1_357' title='bbox 1179 1973 1301 2009; x_wconf 81' lang='lat' dir='ltr'><strong>stand.</strong></span> 
     </span>
     <span class='ocr_line' id='line_1_60' title="bbox 1007 2025 1711 2072; baseline -0.001 -10"><span class='ocrx_word' id='word_1_358' title='bbox 1007 2031 1038 2062; x_wconf 82' lang='lat'><strong>2.</strong></span> <span class='ocrx_word' id='word_1_359' title='bbox 1065 2027 1202 2072; x_wconf 75' lang='lat' dir='ltr'><strong>venire]</strong></span> <span class='ocrx_word' id='word_1_360' title='bbox 1230 2038 1279 2061; x_wconf 85' lang='lat' dir='ltr'><strong>sc.</strong></span> <span class='ocrx_word' id='word_1_361' title='bbox 1306 2037 1404 2069; x_wconf 72' lang='lat' dir='ltr'><strong>eum,</strong></span> <span class='ocrx_word' id='word_1_362' title='bbox 1432 2025 1497 2061; x_wconf 86' lang='lat' dir='ltr'><strong>der</strong></span> <span class='ocrx_word' id='word_1_363' title='bbox 1523 2025 1711 2061; x_wconf 88' lang='lat' dir='ltr'><strong>Diktator.</strong></span> 
     </span>
    </p>
   </div>
   <div class='ocr_carea' id='block_1_15' title="bbox 958 2078 1724 2751">
    <p class='ocr_par' dir='ltr' id='par_1_20' title="bbox 958 2078 1720 2218">
     <span class='ocr_line' id='line_1_61' title="bbox 1005 2078 1720 2124; baseline -0.001 -10"><span class='ocrx_word' id='word_1_364' title='bbox 1005 2091 1114 2124; x_wconf 74' lang='lat' dir='ltr'><strong>quam</strong></span> <span class='ocrx_word' id='word_1_365' title='bbox 1150 2079 1356 2124; x_wconf 75' lang='lat' dir='ltr'><strong>Romanos]</strong></span> <span class='ocrx_word' id='word_1_366' title='bbox 1406 2079 1503 2113; x_wconf 91' lang='lat' dir='ltr'><strong>ohne</strong></span> <span class='ocrx_word' id='word_1_367' title='bbox 1548 2078 1720 2113; x_wconf 87' lang='lat' dir='ltr'><strong>Wieder-</strong></span> 
     </span>
     <span class='ocr_line' id='line_1_62' title="bbox 958 2125 1718 2171; baseline 0 -11"><span class='ocrx_word' id='word_1_368' title='bbox 958 2127 1101 2171; x_wconf 82' lang='lat' dir='ltr'><strong>holung</strong></span> <span class='ocrx_word' id='word_1_369' title='bbox 1127 2126 1192 2160; x_wconf 88' lang='lat' dir='ltr'><strong>der</strong></span> <span class='ocrx_word' id='word_1_370' title='bbox 1218 2125 1370 2170; x_wconf 73' lang='lat' dir='ltr'><strong>Prapos.</strong></span> <span class='ocrx_word' id='word_1_371' title='bbox 1397 2125 1491 2170; x_wconf 86' lang='lat' dir='ltr'><strong>(wie</strong></span> <span class='ocrx_word' id='word_1_372' title='bbox 1518 2125 1562 2170; x_wconf 82' lang='lat'><strong>3,</strong></span> <span class='ocrx_word' id='word_1_373' title='bbox 1588 2129 1650 2170; x_wconf 86' lang='lat'><strong>19,</strong></span> <span class='ocrx_word' id='word_1_374' title='bbox 1675 2129 1718 2169; x_wconf 79' lang='lat'><strong>43</strong></span> 
     </span>
     <span class='ocr_line' id='line_1_63' title="bbox 963 2157 1469 2220; baseline -0.006 -12"><span class='ocrx_word' id='word_1_375' title='bbox 963 2157 1136 2220; x_wconf 71' lang='lat'><strong>4,‚58⁰4;</strong></span> <span class='ocrx_word' id='word_1_376' title='bbox 1163 2173 1469 2218; x_wconf 78' lang='lat' dir='ltr'><strong>9,1,11u...a)</strong></span> 
     </span>
    </p>

    <p class='ocr_par' dir='ltr' id='par_1_21' title="bbox 962 2223 1717 2411">
     <span class='ocr_line' id='line_1_64' title="bbox 1011 2223 1717 2272; baseline -0.003 -11"><span class='ocrx_word' id='word_1_377' title='bbox 1011 2230 1042 2260; x_wconf 89' lang='lat'><strong>3.</strong></span> <span class='ocrx_word' id='word_1_378' title='bbox 1070 2225 1333 2272; x_wconf 75' lang='lat' dir='ltr'><strong>cupidissimis]</strong></span> <span class='ocrx_word' id='word_1_379' title='bbox 1355 2225 1459 2260; x_wconf 88' lang='lat' dir='ltr'><strong>Dazu</strong></span> <span class='ocrx_word' id='word_1_380' title='bbox 1473 2223 1524 2259; x_wconf 85' lang='lat' dir='ltr'><strong>ist</strong></span> <span class='ocrx_word' id='word_1_381' title='bbox 1543 2235 1609 2260; x_wconf 86' lang='lat' dir='ltr'><strong>aus</strong></span> <span class='ocrx_word' id='word_1_382' title='bbox 1630 2225 1717 2259; x_wconf 85' lang='lat' dir='ltr'><strong>dem</strong></span> 
     </span>
     <span class='ocr_line' id='line_1_65' title="bbox 964 2270 1717 2317; baseline -0.003 -9"><span class='ocrx_word' id='word_1_383' title='bbox 964 2273 1289 2317; x_wconf 87' lang='lat' dir='ltr'><strong>Zusammenhaug</strong></span> <span class='ocrx_word' id='word_1_384' title='bbox 1334 2272 1395 2307; x_wconf 91' lang='lat' dir='ltr'><strong>ein</strong></span> <span class='ocrx_word' id='word_1_385' title='bbox 1440 2270 1530 2308; x_wconf 85' lang='lat' dir='ltr'><strong>Gen.</strong></span> <span class='ocrx_word' id='word_1_386' title='bbox 1576 2284 1620 2306; x_wconf 90' lang='lat' dir='ltr'><strong>zu</strong></span> <span class='ocrx_word' id='word_1_387' title='bbox 1662 2282 1717 2306; x_wconf 85' lang='lat' dir='ltr'><strong>er-</strong></span> 
     </span>
     <span class='ocr_line' id='line_1_66' title="bbox 963 2319 1716 2365; baseline 0 -11"><span class='ocrx_word' id='word_1_388' title='bbox 963 2325 1121 2365; x_wconf 72' lang='lat' dir='ltr'><strong>gamen,</strong></span> <span class='ocrx_word' id='word_1_389' title='bbox 1160 2330 1345 2354; x_wconf 63' lang='lat' dir='ltr'><strong>armorum</strong></span> <span class='ocrx_word' id='word_1_390' title='bbox 1378 2319 1466 2354; x_wconf 88' lang='lat' dir='ltr'><strong>oder</strong></span> <span class='ocrx_word' id='word_1_391' title='bbox 1493 2319 1716 2364; x_wconf 72' lang='lat' dir='ltr'><strong>puqnandi;</strong></span> 
     </span>
     <span class='ocr_line' id='line_1_67' title="bbox 962 2365 1366 2411; baseline -0.002 -9"><span class='ocrx_word' id='word_1_392' title='bbox 962 2367 1041 2402; x_wconf 80' lang='lat' dir='ltr'><strong>also</strong></span> <span class='ocrx_word' id='word_1_393' title='bbox 1070 2365 1352 2411; x_wconf 86' lang='lat' dir='ltr'><strong>kampflustig’</strong></span> <span class='ocrx_word' id='word_1_394' title='bbox 1359 2394 1366 2401; x_wconf 86' lang='lat'><strong>.</strong></span> 
     </span>
    </p>

    <p class='ocr_par' dir='ltr' id='par_1_22' title="bbox 973 2417 1716 2501">
     <span class='ocr_line' id='line_1_68' title="bbox 1009 2417 1716 2464; baseline -0.003 -10"><span class='ocrx_word' id='word_1_395' title='bbox 1009 2424 1041 2454; x_wconf 87' lang='lat'><strong>4.</strong></span> <span class='ocrx_word' id='word_1_396' title='bbox 1066 2419 1203 2464; x_wconf 73' lang='lat' dir='ltr'><strong>furere]</strong></span> <span class='ocrx_word' id='word_1_397' title='bbox 1236 2430 1305 2453; x_wconf 86' lang='lat' dir='ltr'><strong>nur</strong></span> <span class='ocrx_word' id='word_1_398' title='bbox 1338 2418 1420 2453; x_wconf 87' lang='lat' dir='ltr'><strong>hier</strong></span> <span class='ocrx_word' id='word_1_399' title='bbox 1448 2417 1518 2453; x_wconf 91' lang='lat' dir='ltr'><strong>mit</strong></span> <span class='ocrx_word' id='word_1_400' title='bbox 1550 2419 1636 2452; x_wconf 86' lang='lat' dir='ltr'><strong>Acc.</strong></span> <span class='ocrx_word' id='word_1_401' title='bbox 1663 2417 1716 2462; x_wconf 79' lang='lat' dir='ltr'><strong>id,</strong></span> 
     </span>
     <span class='ocr_line' id='line_1_69' title="bbox 973 2465 1179 2501; baseline -0.005 0"><span class='ocrx_word' id='word_1_402' title='bbox 973 2465 1179 2501; x_wconf 73' lang='lat' dir='ltr'><strong>‘dariiber’.</strong></span> 
     </span>
    </p>

    <p class='ocr_par' dir='ltr' id='par_1_23' title="bbox 1019 2517 1554 2564">
     <span class='ocr_line' id='line_1_70' title="bbox 1019 2517 1554 2564; baseline -0.006 -10"><span class='ocrx_word' id='word_1_403' title='bbox 1019 2529 1062 2554; x_wconf 85' lang='lat' dir='ltr'><strong>ac</strong></span> <span class='ocrx_word' id='word_1_404' title='bbox 1086 2519 1176 2564; x_wconf 76' lang='lat' dir='ltr'><strong>non]</strong></span> <span class='ocrx_word' id='word_1_405' title='bbox 1204 2518 1288 2564; x_wconf 84' lang='lat' dir='ltr'><strong>Vgl.</strong></span> <span class='ocrx_word' id='word_1_406' title='bbox 1315 2517 1410 2562; x_wconf 84' lang='lat' dir='ltr'><strong>Kap.</strong></span> <span class='ocrx_word' id='word_1_407' title='bbox 1438 2521 1496 2560; x_wconf 80' lang='lat'><strong>27,</strong></span> <span class='ocrx_word' id='word_1_408' title='bbox 1521 2520 1554 2551; x_wconf 84' lang='lat'><strong>2.</strong></span> 
     </span>
    </p>

    <p class='ocr_par' dir='ltr' id='par_1_24' title="bbox 970 2569 1723 2663">
     <span class='ocr_line' id='line_1_71' title="bbox 1020 2569 1723 2616; baseline -0.004 -10"><span class='ocrx_word' id='word_1_409' title='bbox 1020 2571 1222 2616; x_wconf 68' lang='lat' dir='ltr'><strong>accensum]</strong></span> <span class='ocrx_word' id='word_1_410' title='bbox 1252 2569 1617 2612; x_wconf 84' lang='lat' dir='ltr'><strong>ordonnanzdiener,</strong></span> <span class='ocrx_word' id='word_1_411' title='bbox 1646 2569 1723 2604; x_wconf 90' lang='lat' dir='ltr'><strong>Ad-</strong></span> 
     </span>
     <span class='ocr_line' id='line_1_72' title="bbox 970 2616 1525 2663; baseline -0.005 -10"><span class='ocrx_word' id='word_1_412' title='bbox 970 2619 1111 2663; x_wconf 82' lang='lat' dir='ltr'><strong>jutant,</strong></span> <span class='ocrx_word' id='word_1_413' title='bbox 1138 2617 1300 2662; x_wconf 85' lang='lat' dir='ltr'><strong>Scherge</strong></span> <span class='ocrx_word' id='word_1_414' title='bbox 1327 2616 1379 2663; x_wconf 81' lang='lat'><strong>(3,</strong></span> <span class='ocrx_word' id='word_1_415' title='bbox 1401 2621 1457 2660; x_wconf 90' lang='lat'><strong>33,</strong></span> <span class='ocrx_word' id='word_1_416' title='bbox 1477 2618 1525 2658; x_wconf 88' lang='lat'><strong>8).</strong></span> 
     </span>
    </p>

    <p class='ocr_par' dir='ltr' id='par_1_25' title="bbox 978 2667 1724 2751">
     <span class='ocr_line' id='line_1_73' title="bbox 1026 2667 1724 2716; baseline -0.004 -11"><span class='ocrx_word' id='word_1_417' title='bbox 1026 2675 1056 2705; x_wconf 82' lang='lat'><strong>5.</strong></span> <span class='ocrx_word' id='word_1_418' title='bbox 1083 2670 1222 2716; x_wconf 71' lang='lat' dir='ltr'><strong>ferant]</strong></span> <span class='ocrx_word' id='word_1_419' title='bbox 1255 2669 1463 2710; x_wconf 85' lang='lat' dir='ltr'><strong>Indikativ‚</strong></span> <span class='ocrx_word' id='word_1_420' title='bbox 1497 2667 1622 2702; x_wconf 86' lang='lat' dir='ltr'><strong>indem</strong></span> <span class='ocrx_word' id='word_1_421' title='bbox 1658 2667 1724 2702; x_wconf 91' lang='lat' dir='ltr'><strong>der</strong></span> 
     </span>
     <span class='ocr_line' id='line_1_74' title="bbox 978 2695 1723 2751; baseline -0.003 0"><span class='ocrx_word' id='word_1_422' title='bbox 978 2717 1204 2751; x_wconf 87' lang='lat' dir='ltr'><strong>Relativsatz</strong></span> <span class='ocrx_word' id='word_1_423' title='bbox 1255 2716 1336 2751; x_wconf 89' lang='lat' dir='ltr'><strong>eine</strong></span> <span class='ocrx_word' id='word_1_424' title='bbox 1385 2695 1604 2749; x_wconf 78' lang='lat' dir='ltr'><strong>erklarende</strong></span> <span class='ocrx_word' id='word_1_425' title='bbox 1654 2713 1723 2749; x_wconf 88' lang='lat' dir='ltr'><strong>Be-</strong></span> 
     </span>
    </p>
   </div>
   <div class='ocr_carea' id='block_1_16' title="bbox 978 2760 1723 2855">
    <p class='ocr_par' dir='ltr' id='par_1_26' title="bbox 978 2760 1723 2845">
     <span class='ocr_line' id='line_1_75' title="bbox 978 2760 1723 2808; baseline -0.003 -10"><span class='ocrx_word' id='word_1_426' title='bbox 978 2763 1161 2808; x_wconf 85' lang='lat' dir='ltr'><strong>merkung</strong></span> <span class='ocrx_word' id='word_1_427' title='bbox 1197 2763 1260 2798; x_wconf 82' lang='lat' dir='ltr'><strong>des</strong></span> <span class='ocrx_word' id='word_1_428' title='bbox 1286 2761 1412 2797; x_wconf 87' lang='lat' dir='ltr'><strong>Livius</strong></span> <span class='ocrx_word' id='word_1_429' title='bbox 1446 2761 1564 2795; x_wconf 87' lang='lat' dir='ltr'><strong>selbst</strong></span> <span class='ocrx_word' id='word_1_430' title='bbox 1597 2761 1636 2795; x_wconf 88' lang='lat' dir='ltr'><strong>in</strong></span> <span class='ocrx_word' id='word_1_431' title='bbox 1663 2760 1723 2796; x_wconf 91' lang='lat' dir='ltr'><strong>die</strong></span> 
     </span>
     <span class='ocr_line' id='line_1_76' title="bbox 979 2807 1555 2855; baseline -0.005 -11"><span class='ocrx_word' id='word_1_432' title='bbox 979 2810 1190 2855; x_wconf 80' lang='lat' dir='ltr'><strong>abh&#39;angige</strong></span> <span class='ocrx_word' id='word_1_433' title='bbox 1211 2809 1311 2844; x_wconf 85' lang='lat' dir='ltr'><strong>Rede</strong></span> <span class='ocrx_word' id='word_1_434' title='bbox 1337 2807 1555 2843; x_wconf 87' lang='lat' dir='ltr'><strong>einschiebt.</strong></span> 
     </span>
    </p>
   </div>
   <div class='ocr_carea' id='block_1_17' title="bbox 1027 2838 1724 2906">
    <p class='ocr_par' dir='ltr' id='par_1_27' title="bbox 1027 2838 1724 2906">
     <span class='ocr_line' id='line_1_77' title="bbox 1027 2838 1724 2906; baseline -0.001 -9"><span class='ocrx_word' id='word_1_435' title='bbox 1027 2863 1137 2897; x_wconf 76' lang='lat' dir='ltr'><strong>Mars</strong></span> <span class='ocrx_word' id='word_1_436' title='bbox 1145 2838 1374 2906; x_wconf 58' lang='grc' dir='ltr'><strong>ῦοονηηταηίε]</strong></span> <span class='ocrx_word' id='word_1_437' title='bbox 1405 2859 1484 2905; x_wconf 87' lang='lat' dir='ltr'><strong>Vgl.</strong></span> <span class='ocrx_word' id='word_1_438' title='bbox 1511 2859 1605 2905; x_wconf 88' lang='lat' dir='ltr'><strong>Kap.</strong></span> <span class='ocrx_word' id='word_1_439' title='bbox 1622 2863 1676 2904; x_wconf 90' lang='lat'><strong>11,</strong></span> <span class='ocrx_word' id='word_1_440' title='bbox 1691 2863 1724 2896; x_wconf 88' lang='lat'><strong>6.</strong></span> 
     </span>
    </p>
   </div>
  </div>
 </body>
</html>
