1794 3084
149 192 170 223 9

129 428 172 459 10

130 604 169 634 11

131 954 172 984 12

131 1189 172 1219 13

131 1481 174 1512 14

197 71 253 113 32
733 72 875 107 LIBER
900 72 979 107 VII.
1031 72 1131 108 CAP.
1161 76 1214 107 12.

1549 89 1574 108 a.
1593 90 1623 108 u.
1642 89 1668 109 c.
1689 83 1753 110 396.

196 179 357 222 Pedum
396 181 636 222 consedisse
676 179 868 220 auditum
908 181 984 221 est.
1047 179 1300 221 dictatorem
1332 179 1415 222 dici
1447 179 1491 222 O.
1520 179 1757 236 Sulpicium

197 240 377 293 placuit,
410 239 558 280 consul
592 238 644 279 ad
676 238 719 279 id
753 239 912 279 accitus
940 236 985 279 C.
1012 237 1205 279 Plautius
1239 239 1356 280 dixit.
1405 239 1612 293 magister
1644 240 1758 294 equi-

197 302 287 339 tum
313 299 510 339 dictatori
538 297 706 338 additus
728 296 783 337 M.
803 296 1013 338 Valerius.
1063 297 1107 337 hi
1133 297 1291 338 robora
1311 297 1496 339 militum
1520 312 1570 339 ex
1590 297 1758 339 duobus

198 356 493 398 consularibus
527 355 781 396 exercitibus
815 355 949 396 electa
981 355 1182 396 adversus
1216 355 1363 397 Gallos
1396 356 1617 397 duxerunt.

315 415 491 455 Lentius
523 413 567 455 id
602 414 822 468 aliquanto
849 414 1021 467 bellum,
1055 428 1182 468 quam
1211 415 1326 468 parti
1351 414 1521 469 utrique
1547 414 1766 469 placebat,

198 473 288 514 fuit.
340 488 434 514 cum
464 473 603 527 primo
632 472 745 514 Galli
771 476 941 514 tantum
968 472 1081 513 avidi
1108 473 1354 514 certaminis
1379 472 1574 524 fuissent,
1607 473 1759 515 deinde

198 532 417 573 Romanus
463 532 585 572 miles
622 531 783 573 ruendo
824 532 868 572 in
908 545 1027 572 arma
1061 545 1109 572 ac
1142 531 1460 573 dimicationem
1493 532 1762 587 aliquantum

199 590 411 632 Gallicam
431 590 632 631 ferociam
647 591 848 643 vinceret,
869 590 1070 631 dictatori
1093 590 1343 644 neutiquam
1364 590 1572 644 placebat,
1592 591 1761 645 quando

198 649 317 690 nulla
360 653 532 703 cogeret
575 663 661 702 res,
707 649 904 690 fortunae
947 663 991 689 se
1035 648 1302 689 committere
1342 649 1544 690 adversus
1581 649 1761 701 hostem,

198 722 323 762 quem
366 711 535 762 tempus
580 707 832 748 deteriorem
876 708 920 748 in
963 707 1050 748 dies
1096 707 1277 760 faceret,
1322 707 1428 749 locis
1474 708 1626 749 alienis
1671 709 1761 749 sine

198 770 454 820 praeparato
483 770 734 819 commeatu,
762 766 853 807 sine
880 766 1002 806 firmo
1030 766 1295 807 munimento
1321 768 1574 820 morantem,
1600 766 1653 807 ad
1678 766 1761 808 hoc

198 826 250 866 iis
290 826 542 879 corporibus
583 825 838 878 animisque,
876 838 1056 878 quorum
1094 825 1232 865 omnis
1264 825 1309 865 in
1341 825 1504 878 impetu
1536 826 1600 866 vis
1633 827 1758 874 esset,

198 898 331 937 parva
364 884 511 925 eadem
543 885 839 938 languesceret
870 898 1002 924 mora.

317 942 397 983 His
426 943 617 984 consiliis
645 943 826 983 dictator
854 942 1013 983 bellum
1040 941 1254 995 trahebat,
1281 954 1537 995 gravemque
1570 941 1759 983 edixerat

198 1015 400 1054 poenam,
440 1002 475 1042 si
514 1001 609 1055 quis
642 1001 810 1042 iniussu
848 1001 891 1041 in
930 1000 1101 1041 hostem
1133 1003 1381 1053 pugnasset.
1438 1000 1596 1042 milites
1629 1013 1756 1055 aegre

199 1060 240 1100 id
279 1061 492 1113 patientes
530 1060 668 1114 primo
712 1060 758 1100 in
801 1058 1059 1100 stationibus
1101 1059 1349 1113 vigiliisque
1392 1059 1506 1100 inter
1543 1073 1587 1100 se
1625 1059 1762 1100 dicta-

198 1122 335 1160 torem
370 1119 639 1160 sermonibus
674 1132 867 1172 carpere,
903 1118 1116 1158 interdum
1147 1120 1292 1172 patres
1319 1117 1603 1159 communiter
1627 1118 1761 1159 incre-

200 1192 324 1232 pare,
363 1178 475 1231 quod
514 1192 599 1218 non
637 1178 863 1218 iussissent
895 1190 969 1230 per
1002 1176 1199 1217 consules
1232 1176 1323 1231 geri
1356 1177 1533 1217 bellum:
1579 1176 1762 1218 electum

200 1250 292 1276 esse
332 1236 533 1276 eximium
572 1236 896 1289 imper,atorem
934 1234 1107 1275 unicum
1146 1235 1314 1289 ducem,
1355 1235 1430 1290 qui
1466 1234 1575 1276 nihil
1618 1234 1763 1290 agenti

200 1295 283 1335 sibi
315 1295 365 1335 de
398 1295 516 1335 caelo
549 1295 841 1335 devolaturam
873 1294 918 1334 in
951 1294 1093 1334 sinum
1125 1294 1349 1334 victoriam
1387 1296 1572 1335 censeat.
1615 1293 1763 1335 eadem

200 1353 349 1394 deinde
387 1354 493 1394 haec
532 1353 718 1394 interdiu
764 1353 989 1406 propalam
1028 1366 1076 1392 ac
1120 1352 1331 1393 ferociora
1379 1352 1446 1393 his
1488 1352 1667 1394 iactare:
1717 1367 1782 1393 se-

199 1412 364 1453 iniussu
390 1412 662 1465 imperatoris
696 1414 769 1452 aut
801 1411 1075 1452 dimicaturos
1106 1413 1181 1451 aut
1209 1410 1380 1464 agmine
1406 1410 1589 1452 Romam
1614 1411 1762 1452 ituros.

200 1471 515 1524 immiscerique
548 1470 758 1511 militibus
791 1469 1079 1522 centuriones,
1117 1483 1195 1510 nec
1233 1469 1276 1509 in
1315 1469 1486 1510 circulis
1520 1469 1646 1510 modo
1679 1469 1763 1510 fre-

199 1544 333 1580 mere,
373 1529 446 1570 sed
479 1529 565 1570 iam
603 1529 648 1569 in
686 1528 908 1582 principiis
950 1542 998 1568 ac
1036 1528 1250 1581 practorio
1292 1528 1336 1568 in
1374 1542 1507 1568 unum
1546 1541 1762 1569 sermones

200 1588 420 1638 confundi,
459 1592 586 1642 atque
625 1588 669 1628 in
702 1587 919 1628 contionis
959 1586 1303 1640 magnitudinem
1337 1600 1524 1628 crescere
1556 1586 1686 1627 turba
1719 1588 1762 1628 et

248 1707 279 1736 9.
302 1702 338 1738 C.
355 1702 576 1748 Sulpicium]
598 1701 682 1746 Vgl.
698 1714 740 1736 zu
755 1701 848 1746 Kap.
865 1706 894 1744 1,
910 1705 941 1736 8.

242 1750 401 1795 placuit]
425 1751 457 1783 d.
480 1750 515 1783 h.
537 1749 602 1784 der
617 1748 728 1783 Senat
747 1750 835 1793 (vgl.
850 1748 942 1792 Kap.

201 1801 232 1838 3,
253 1801 275 1830 4
295 1797 370 1831 und
391 1802 421 1839 6,
439 1798 495 1841 12)
521 1795 718 1839 besohloss,
746 1808 783 1830 es
811 1796 863 1830 sci
885 1797 943 1830 ein

1068 1705 1121 1736 12.
1166 1702 1207 1736 in
1256 1701 1476 1736 stationibus
1525 1701 1761 1748 vigiliisque]

1016 1749 1184 1782 Ersteles
1211 1747 1294 1782 sind
1319 1747 1483 1792 grossere
1509 1747 1654 1793 Wachp
1658 1750 1764 1783 osten

1017 1807 1083 1830 vor
1116 1794 1237 1829 einem
1257 1795 1378 1839 Lager
1404 1795 1493 1830 oder
1517 1795 1619 1830 einer
1639 1794 1760 1839 Stadt,

200 1843 374 1878 Diktator
403 1856 445 1877 zu
472 1844 635 1885 withlem
666 1843 743 1876 und
775 1842 943 1877 bezeich-

200 1893 286 1925 nete
322 1891 491 1935 zugleich
518 1891 588 1924 den
616 1890 652 1924 C.
676 1889 861 1934 Sulpicius
888 1889 942 1923 als

201 1937 258 1971 die
285 1938 480 1982 geeignete
506 1936 814 1971 Personlichkeit.

248 1984 399 2029 accitus]
422 1984 506 2018 weil
527 1983 586 2018 die
602 1983 713 2017 Wahl
733 1983 833 2017 eines
856 1982 944 2016 Dik-

200 2031 316 2065 tators
344 2042 411 2064 nur
431 2031 481 2064 im
496 2029 730 2065 Weichbilde
751 2030 815 2064 der
836 2029 946 2064 Stadt

201 2088 488 2121 vorgenommen
516 2077 663 2112 werden
683 2076 805 2111 durfte
833 2077 944 2120 (doch

202 2124 277 2169 vgl.
304 2124 397 2168 Kap.
419 2128 474 2166 21,
497 2127 542 2166 9).

250 2171 412 2215 additus]
423 2170 489 2205 Die
499 2171 724 2214 Ernennung
735 2170 798 2203 des
807 2169 945 2204 Reiter-

204 2218 377 2252 obersten
410 2228 484 2251 war
510 2217 627 2251 Sache
660 2216 724 2250 des
752 2216 944 2251 Diktators

204 2264 292 2308 (vgl.
327 2265 419 2308 Kap.
448 2268 480 2305 3,
507 2268 528 2297 4
560 2264 635 2297 und
670 2267 723 2305 11,
744 2265 790 2306 4).
843 2263 947 2297 Doch

204 2310 349 2345 scheint
369 2311 432 2345 der
448 2310 562 2344 Senat
582 2309 758 2345 zuweilen
779 2310 843 2343 der
857 2310 945 2344 Ent-

205 2357 409 2401 scheidung
422 2358 486 2391 des
495 2356 687 2391 Diktators
698 2357 946 2401 vorgegriffen

203 2405 278 2438 und
303 2405 381 2439 ihm
408 2405 513 2438 einen
541 2403 746 2446 Vorschlag
772 2404 946 2447 gemacht

204 2463 248 2486 zu
274 2451 397 2486 haben
423 2452 511 2495 (vgl.
533 2451 624 2494 Kap.
646 2454 702 2492 21,
723 2454 742 2483 9
765 2462 798 2483 u.
820 2453 875 2493 28,
899 2452 944 2494 á½…).

253 2499 310 2532 M.
336 2498 523 2544 Valerius]
556 2498 595 2532 P.
627 2497 653 2531 f.
681 2497 719 2530 L.
752 2508 787 2531 n.
821 2496 944 2530 Publi-

204 2545 296 2588 cola,
323 2549 391 2579 355
418 2545 492 2579 und
518 2549 586 2579 353
611 2544 681 2579 mit
700 2543 737 2578 C.
759 2543 945 2587 Sulpicius

203 2592 356 2627 Konsul.

253 2643 307 2674 10.
335 2638 539 2684 aliquanto]
566 2638 663 2673 beim
690 2637 945 2681 Komparativâ€š

205 2684 420 2721 demselben
447 2684 699 2729 nachgestellt
720 2685 810 2729 (vgl.
837 2689 868 2726 6,
891 2687 946 2727 18,

205 2734 256 2775 3)Í¾
285 2733 455 2777 dagegen
476 2733 572 2767 beim
590 2731 754 2767 Verbum
775 2731 944 2776 aliquan-

203 2782 280 2812 tum
306 2780 394 2823 (vgl.
423 2783 455 2822 6,
475 2784 529 2822 34,
554 2781 599 2822 1).

254 2830 306 2859 11.
334 2826 470 2871 eadem]
501 2827 613 2861 â€˜aber
639 2825 767 2860 auchâ€™.

1016 1842 1188 1876 letzteres
1202 1842 1366 1876 kleinere
1380 1841 1674 1887 Schildwachen,
1683 1853 1711 1876 z.
1720 1841 1761 1879 B.

1016 1899 1064 1922 an
1096 1888 1167 1923 den
1203 1888 1350 1923 Thoren
1387 1888 1482 1934 (vgl.
1521 1893 1560 1933 3,
1592 1892 1630 1933 5,
1659 1893 1698 1931 43
1729 1893 1764 1932 9,

1016 1937 1392 2028 24Â²â¹1{timperatowm]
1402 1981 1611 2018 Ehrentitel
1620 1982 1761 2026 dessen,

986 2066 991 2070 ,
1018 2029 1082 2063 der
1121 2029 1186 2064 das
1221 2029 1543 2064 Oberkommando
1574 2029 1642 2063 hat
1674 2029 1764 2064 oder

1018 2075 1156 2111 einmal
1199 2075 1340 2120 gehabt
1376 2076 1456 2117 hat3
1504 2077 1647 2120 ducem,
1693 2075 1763 2111 Be-

1017 2123 1223 2167 zeichnung
1276 2123 1339 2157 des
1389 2122 1608 2157 wirklichen
1650 2122 1761 2158 Heer-

1018 2170 1173 2204 fiihrers.
1244 2168 1312 2203 Die
1361 2169 1497 2204 beiden
1544 2169 1763 2204 Ausdriicke

1018 2217 1166 2251 werden
1191 2216 1369 2251 zuweilen
1390 2215 1598 2251 rhetor-isch
1623 2217 1758 2251 neben-

1020 2263 1351 2307 einandergestellt
1389 2262 1478 2308 (vgl.
1516 2264 1609 2308 Kap.
1637 2267 1691 2306 13,
1713 2263 1760 2308 6).
1793 2290 1794 2302 ,

1065 2311 1107 2345 de
1133 2310 1246 2356 caelo]
1270 2310 1365 2344 â€˜von
1390 2310 1461 2344 den
1483 2309 1639 2345 Gottern
1664 2310 1759 2346 herâ€™.

1068 2361 1120 2391 14.
1147 2358 1189 2391 in
1220 2357 1381 2402 circulis]
1411 2356 1450 2390 in
1480 2356 1631 2391 kleinen
1656 2355 1767 2391 Krei-'

1019 2415 1094 2447 sen,
1115 2414 1170 2438 wo
1191 2404 1357 2438 mehrere
1375 2403 1758 2447 zusammenstanden,

1017 2450 1252 2495 truppweise.

1065 2499 1107 2532 in
1125 2498 1327 2542 principiis
1352 2507 1395 2532 ac
1417 2496 1617 2542 praetorio]
1637 2496 1676 2531 in
1696 2496 1761 2531 der

1018 2545 1255 2595 Hauptgasse
1294 2544 1358 2578 des
1396 2543 1474 2588 Lag
1477 2554 1534 2578 ers
1571 2544 1653 2588 (der
1685 2541 1761 2579 Via

1019 2589 1271 2635 principalis),
1311 2601 1358 2624 an
1391 2556 1553 2625 welgcher
1585 2590 1650 2625 das
1681 2588 1763 2626 Tri-2

1019 2638 1131 2672 bunal
1157 2638 1231 2682 lag,
1257 2638 1331 2671 und
1355 2637 1421 2672 auf
1438 2637 1523 2671 dem
1541 2636 1762 2671 Feldherrneâ€˜Î‡

1019 2685 1119 2728 platz
1155 2683 1419 2729 (unmittelbar
1455 2694 1521 2719 vor
1557 2683 1642 2718 dem
1680 2680 1762 2728 Zelss

1019 2731 1083 2765 des
1109 2730 1340 2774 Feldherrn).
1390 2730 1474 2774 Vgl.
1501 2733 1557 2772 28,
1578 2733 1634 2773 25,
1655 2732 1688 2764 5.

1066 2779 1105 2811 in
1125 2789 1237 2812 unum
1257 2777 1486 2823 confundi]â€˜
1499 2777 1680 2812 stromten
1699 2786 1759 2810 zu-

1020 2824 1218 2859 sammenâ€™.
