1794 3084
77 153 103 172 a.
125 146 176 172 Ch.
196 153 225 173 n.
245 146 308 172 338.

195 244 455 299 Priusquam
488 243 674 286 comitiis
706 244 752 285 in
783 243 1081 297 insequentem
1109 257 1268 283 annum
1295 241 1496 284 consules
1522 255 1643 297 roga·
1677 253 1717 282 10

624 134 770 170 LIBER
795 134 893 171 VIII.
941 134 1044 170 CAP.
1074 137 1127 169 13.
1587 132 1643 174 37

74 306 192 358 rent,
232 303 441 347 Camillus
481 303 531 345 de
566 302 734 345 Latinis
773 303 946 357 populis
987 302 1039 343 ad
1079 304 1277 344 senatum
1316 301 1484 343 rettulit
1516 304 1644 355 atque

68 363 140 413 ,ita
171 363 395 405 disseruit:
428 362 596 405 ‘Patres
630 362 875 417 conscripti,
908 361 1020 416 quod
1052 362 1166 403 bello
1202 360 1418 416 armisque
1445 361 1490 402 in
1516 360 1642 402 Latio
1675 371 1713 401 11

78 423 295 479 agendum
327 422 424 476 fuit,
455 422 498 463 id
530 423 617 463 iam
651 422 776 463 deum
810 421 1079 475 benignitate
1108 435 1156 462 ac
1190 420 1349 463 virtute
1375 420 1563 462 militum
1591 420 1643 462 ad

74 482 205 524 finem
226 482 356 524 venit.
390 482 504 523 caesi
526 481 579 523 ad
594 480 756 523 Pedum
772 480 1064 534 Asturamque
1087 483 1186 521 sunt
1205 479 1415 522 exercitus
1435 479 1644 531 hostium3
1677 489 1718 519 12

77 542 236 598 oppida
266 540 428 583 Latina
460 540 605 583 omnia
644 543 687 582 et
717 539 899 581 Antium
932 554 982 580 ex
1015 538 1185 581 Volscis
1225 541 1300 581 aut
1340 539 1380 581 vi
1414 542 1540 593 capta
1573 545 1647 580 aut

74 604 249 656 recepta
281 601 326 642 in
359 600 620 642 deditionem
652 599 879 654 praesidiis
912 601 1117 640 tenentur
1143 599 1311 640 vestris.
1357 598 1524 653 reliqua
1550 612 1644 640 con·
1676 607 1716 638 13

75 661 253 702 sultatio
287 662 371 714 est,
409 659 613 715 quoniam
645 658 895 700 rebellando
930 657 1101 712 saepius
1135 672 1214 699 nos
1249 658 1506 710 sollicitant,
1545 671 1646 712 quo-

73 734 177 762 nam
210 719 338 762 modo
371 721 580 774 perpetua
611 732 716 773 pace
749 718 918 773 quietos
952 717 1236 759 obtineamus.

74 779 138 821 ita
169 793 245 821 vos
276 781 476 833 potentes
508 777 636 819 huius
670 777 842 819 consilii
875 777 1081 827 fecerunt,
1114 779 1172 829 ut,
1207 776 1264 818 sit
1289 776 1462 818 Latium
1490 775 1641 817 deinde

75 853 131 880 an
161 852 248 880 non
282 838 357 890 sit,
401 838 447 878 in
484 840 630 879 vestra
671 851 801 878 manu
841 836 1078 891 posuerint.

1139 836 1286 890 itaque
1318 850 1469 889 pacem
1508 835 1645 888 vobis,

73 897 188 953 quod
220 897 274 938 ad
305 896 484 938 Latinos
517 897 690 950 attinet,
735 910 886 951 parare
923 896 968 937 in
1000 897 1255 950 perpetuum
1300 896 1370 936 vel
1417 894 1645 937 saeviendo

70 957 139 999 vel
170 956 437 1012 ignoscendo
469 955 663 1011 potestis.
714 955 847 997 vultis
881 954 1110 996 crudeliter
1143 954 1367 996 consulere
1399 955 1442 996 in
1476 954 1644 995 deditos
1674 962 1717 993 15

71 1016 325 1071 victosque?
375 1016 477 1057 licet
510 1015 652 1057 delere
685 1029 811 1057 omne
847 1013 1040 1068 Latium,
1073 1017 1218 1056 vastas
1251 1014 1351 1055 inde
1385 1013 1642 1056 solitudines

72 1075 234 1130 facere,
274 1075 384 1116 unde
424 1075 575 1117 sociali
608 1075 785 1130 egregio
819 1074 1012 1115 exercitu
1044 1088 1121 1128 per
1154 1074 1291 1115 multa
1324 1073 1437 1115 bella
1470 1086 1646 1128 magna-

74 1149 156 1190 que
189 1149 317 1190 saepe
349 1135 416 1176 usi
447 1135 563 1176 estis.
607 1134 738 1176 vultis
772 1133 967 1188 exemplo
1002 1133 1215 1174 maiorum
1249 1146 1405 1187 augere
1437 1147 1528 1174 rem
1560 1131 1646 1173 Ro-
1675 1142 1718 1173 16

74 1209 248 1236 manam
281 1195 419 1236 victos
452 1194 497 1235 in
529 1193 747 1235 civit-atem
781 1192 1060 1247 accipiendo?
1106 1192 1289 1233 materia
1321 1191 1539 1233 crescendi
1572 1205 1648 1246 per

77 1268 291 1296 summam
325 1253 509 1309 gloriam
543 1253 802 1308 suppeditat.
855 1254 968 1294 certe
1000 1251 1045 1293 id
1078 1251 1375 1293 firmissimum
1408 1252 1536 1305 longe
1568 1252 1648 1292 im-

73 1313 242 1368 perium
275 1316 353 1367 est,
385 1327 469 1368 quo
503 1312 780 1355 oboedientes
815 1312 1015 1367 gaudent.
1069 1311 1142 1352 sed
1175 1313 1396 1352 maturato
1431 1325 1538 1364 opus
1572 1312 1649 1363 est,
1678 1320 1719 1350 17

75 1372 283 1428 quidquid
315 1374 505 1414 statuere
538 1372 693 1427 placet.
755 1373 823 1413 tot
859 1371 1044 1426 populos
1083 1370 1198 1411 inter
1236 1385 1357 1425 spem
1401 1372 1650 1424 metumque

80 1446 314 1487 suspensos
342 1431 476 1473 animi
499 1431 691 1484 habetis3
725 1433 768 1472 et
792 1433 983 1472 vestram
1010 1429 1158 1485 itaque
1186 1429 1236 1471 de
1264 1428 1325 1471 eis
1353 1444 1499 1471 curam
1522 1443 1652 1483 quam

73 1491 263 1546 primum
296 1491 467 1534 absolvi
499 1493 542 1532 et
574 1491 748 1533 illorum
775 1490 957 1544 animos,
991 1489 1092 1530 dum
1119 1488 1440 1543 exspectatione
1468 1490 1653 1543 stupent,

82 1643 153 1678 mit
178 1643 252 1678 den
277 1643 397 1688 vollig
430 1644 707 1689 bezwungenen
734 1642 836 1677 Lati-

83 1701 177 1726 nern
204 1690 313 1736 (Kap.
343 1693 401 1733 14)
429 1690 566 1725 erteilt.

135 1742 190 1773 10.
218 1738 406 1784 royarent]
440 1737 587 1772 wahlen
621 1737 764 1781 liessen,
792 1754 836 1767 =

88 1789 265 1821 crearent.
316 1784 392 1820 Das
413 1784 513 1820 Volk
539 1785 664 1819 wurde
685 1785 746 1820 bei
767 1785 838 1819 den

89 1832 254 1867 Wahlen
300 1832 515 1878 angefragt,
562 1833 729 1867 wele-hen
773 1832 839 1867 der

90 1891 176 1915 vom
210 1879 481 1916 Vorsitzenden
520 1881 735 1923 genannten
770 1880 838 1913 Be-

87 1927 230 1963 werber
262 1938 299 1962 es
332 1927 431 1962 seine
466 1926 622 1963 Stimme
655 1927 749 1972 gebe
782 1927 836 1973 (1,

92 1979 147 2019 17,
169 1979 207 2017 93
234 1974 272 2021 3,
297 1978 352 2018 65,
373 1979 412 2016 4;
440 1974 478 2021 6,
500 1978 556 2017 42,
580 1977 648 2015 14).

141 2026 194 2057 13.
222 2022 416 2068 Asturam]
450 2021 524 2057 Der
550 2021 761 2057 Flussname
788 2020 839 2056 ist

86 2069 127 2104 in
182 2070 514 2113 ungtwohnlicher
558 2069 685 2104 Weise
741 2068 838 2104 ohne

88 2116 388 2162 Wiederholung
433 2117 497 2151 des
547 2118 596 2152 ad
640 2117 710 2151 mit
753 2117 837 2151 dem

88 2164 336 2200 Stadtnamen
362 2164 591 2200 vexbunden.

131 2212 290 2259 recepta]
318 2212 556 2255 Andeutung,
584 2211 664 2246 dass
691 2211 744 2247 sie
771 2211 832 2246 ab·

82 2260 247 2304 gefallen
268 2270 392 2295 waren
413 2260 504 2305 (vgl.
527 2259 591 2305 21,
605 2262 716 2304 61,7).
758 2258 833 2293 Der

82 2306 343 2352 gewohnliche
367 2307 564 2342 Ausdruck
591 2307 641 2342 ist
666 2308 706 2341 in
732 2307 831 2342 decli-

81 2355 214 2390 tionem
242 2355 402 2399 accipere
430 2354 514 2398 (wie
541 2357 560 2396 ξ
587 2357 632 2398 8).

127 2406 184 2438 13.
209 2402 428 2448 sollicitant]
456 2403 500 2437 st.
529 2402 830 2445 sollicitaverunt,

78 2449 166 2485 weil
191 2449 251 2484 die
277 2448 479 2494 Besorgnis
505 2448 602 2483 noch
633 2448 828 2484 andauert.

128 2500 182 2531 14.
200 2497 270 2543 ita]
285 2496 323 2531 in
339 2497 502 2531 solchem
519 2496 650 2539 Mafse,
668 2507 708 2531 so
721 2507 828 2540 ganz.

123 2544 305 2590 potentes]
344 2543 440 2578 nach
473 2542 543 2577 Art
579 2543 645 2577 der
678 2542 830 2578 Dichter

79 2591 150 2627 mit
164 2591 248 2626 dem
263 2591 352 2627 Gen.
368 2591 584 2626 verbunden
600 2590 678 2636 (22,
691 2593 828 2635 4212).

127 2639 273 2685 deinde]
300 2640 434 2674 ferner.

131 2690 186 2722 15.
212 2686 340 2732 victos]
369 2686 450 2721 hier
474 2685 527 2720 im
548 2685 758 2730 Gegensatz
785 2697 830 2719 zu

81 2733 221 2769 deditos
232 2734 291 2769 die
304 2732 510 2768 Bewohner
524 2733 590 2768 der
604 2734 830 2767 ersttirmten

81 2780 214 2816 Stadte
260 2781 357 2826 (vgl.
397 2784 464 2824 §8
500 2780 575 2815 und
611 2783 686 2823 12).
756 2779 829 2814 Da-

81 2828 261 2910 gegenhin
281 2831 300 2871 ἓ
323 2832 364 2864 16
388 2827 556 2863 schliesst
576 2838 614 2862 es
635 2827 693 2862 die
715 2827 830 2862 dedita·

81 2886 120 2910 m
147 2886 199 2910 Sle
230 2903 237 2910 .

129 2922 228 2966 inde]
255 2939 299 2952 =
326 2933 370 2958 ex
395 2933 445 2966 eo,
472 2934 515 2958 ex
540 2923 588 2958 iis
614 2921 711 2957 locis.

960 1646 1014 1676 16.
1053 1641 1211 1684 exemplo
1254 1640 1449 1686 maiorum]
1496 1640 1544 1675 So
1584 1639 1655 1674 soll

910 1688 1089 1724 Romulus
1126 1687 1223 1722 viele
1260 1688 1416 1722 Sabiner
1455 1687 1507 1733 (l,
1532 1690 1585 1730 13,
1607 1689 1654 1731 4),

909 1736 1039 1770 Tullus
1094 1734 1278 1770 Hostilius
1339 1735 1398 1769 die
1461 1734 1655 1779 besiegten

911 1784 1076 1819 Albaner
1109 1783 1161 1829 gl,
1184 1786 1239 1826 30,
1264 1785 1315 1825 1),
1350 1783 1472 1817 Ancus
1498 1781 1655 1817 Martius

912 1831 1007 1866 viele
1023 1829 1176 1865 Latiuer
1203 1831 1254 1874 (1,
1271 1831 1371 1874 33,5)
1393 1830 1450 1864 ins
1470 1829 1655 1864 romische

913 1878 1162 1921 Biirgerrecht
1197 1877 1483 1922 ausgenommen
1522 1876 1654 1912 haben.

911 1927 965 1960 Im
986 1925 1017 1961 J.
1040 1929 1108 1960 380
1129 1935 1205 1959 war
1226 1924 1296 1960 den
1317 1925 1570 1959 Tusculanern
1592 1923 1657 1958 der

911 1973 1026 2018 Krieg
1053 1973 1195 2007 erkliirt
1220 1972 1388 2016 worden,
1426 1971 1503 2006 und
1530 1972 1578 2006 da
1603 1970 1656 2006 sie

911 2021 991 2055 sich
1017 2020 1112 2055 ohne
1132 2019 1375 2055 Widerstand
1396 2018 1656 2061 uuterwarfen,

911 2067 1095 2103 erhielten
1129 2067 1181 2102 sie
1219 2068 1284 2102 das
1316 2067 1565 2112 Bsjrgertecht
1596 2067 1656 2110 (zu

912 2119 951 2160 7,
976 2116 1025 2159 2).

959 2162 1156 2208 crescendi]
1169 2162 1285 2207 ‘gross
1297 2174 1340 2197 zu
1348 2161 1525 2205 werden’,
1541 2160 1658 2196 durch

907 2210 1097 2245 Zunahme
1125 2212 1189 2245 der
1216 2210 1307 2244 Zahl
1333 2210 1400 2243 der
1425 2208 1577 2254 Bul-ger.

954 2258 1071 2303 lonae]
1099 2258 1222 2292 hinter
1252 2257 1323 2293 den
1351 2256 1565 2301 Superlativ
1591 2267 1653 2301 ge—

906 2305 1022 2348 stent,
1053 2305 1123 2340 wie
1157 2305 1195 2352 3,
1217 2308 1274 2348 27,
1298 2309 1315 2339 1
1349 2304 1424 2339 und
1456 2303 1521 2350 44,
1543 2307 1599 2348 31,
1621 2306 1652 2339 2.

955 2356 1010 2389 17.
1048 2352 1249 2398 maturato]
1301 2352 1382 2387 Den
1425 2351 1508 2385 Abl.
1555 2351 1652 2385 Part.

905 2399 1000 2434 Perf.
1034 2400 1094 2436 bei
1127 2411 1218 2445 opus
1244 2403 1296 2435 est
1326 2400 1393 2434 hat
1419 2398 1555 2434 Caesar
1581 2397 1653 2441 nie,

906 2447 1033 2483 Cicero
1067 2447 1205 2483 einmal
1237 2447 1274 2482 in
1308 2447 1427 2482 einem
1458 2445 1564 2480 Brief
1590 2446 1653 2489 (ad

902 2495 979 2530 Att.
1008 2495 1071 2540 10,
1094 2499 1126 2538 4,
1152 2497 1228 2538 ll),
1261 2495 1327 2529 das
1359 2494 1476 2529 'altere
1507 2491 1654 2536 Latein,

904 2542 1046 2578 Sallust
1077 2543 1152 2577 und
1186 2541 1313 2577 Livius
1346 2540 1401 2576 oft
1434 2542 1477 2583 (Z.
1506 2540 1544 2575 B.
1576 2551 1652 2574 ma-

903 2593 1027 2625 turato
1054 2590 1091 2636 1,
1114 2593 1171 2633 58,
1192 2593 1212 2624 5
1240 2589 1316 2624 und
1342 2588 1380 2634 3,
1402 2591 1461 2630 27,
1486 2589 1530 2631 ἵ),

950 2639 1046 2673 inter
1076 2648 1172 2682 spem
1207 2665 1213 2672 .
1242 2665 1249 2672 .
1279 2664 1286 2671 .
1320 2635 1454 2681 animi]
1496 2634 1654 2669 ‘welche

902 2685 1088 2720 zwischen
1115 2713 1122 2720 .
1145 2713 1152 2720 .
1175 2712 1182 2720 .
1209 2683 1438 2719 schweben’.
1465 2702 1507 2707 ——
1535 2682 1652 2716 animi

905 2732 971 2767 ‘im
999 2732 1188 2773 Gemiite’,
1215 2731 1306 2766 Gen.
1334 2731 1399 2765 der
1425 2729 1652 2773 Beziehung,

902 2779 1018 2814 findet
1069 2778 1149 2815 sich
1192 2778 1254 2814 bei
1300 2777 1426 2812 Livius
1473 2775 1653 2810 zuweilen

902 2827 956 2873 (1,
972 2830 1005 2870 7,
1021 2831 1040 2862 6
1061 2827 1136 2861 und
1163 2829 1219 2870 58,
1235 2829 1272 2868 9;
1301 2825 1338 2871 2,
1355 2828 1410 2867 36,
1427 2829 1464 2867 4;
1493 2825 1531 2870 6,
1548 2825 1652 2866 36,8;

905 2874 941 2920 7,
961 2878 1018 2917 30,
1039 2877 1083 2908 22
1112 2874 1187 2908 und
1214 2877 1270 2916 34,
1292 2874 1340 2916 4).

951 2921 1090 2967 itaque]
1116 2920 1202 2966 Vgl.
1230 2920 1322 2965 Kap.
1351 2923 1383 2961 7,
1404 2923 1436 2955 8.

1300 717 1342 758 di
1374 717 1643 758 immortales
1674 725 1716 756 14
