1794 3084
174 90 230 132 62
712 90 856 124 L1BER
882 90 959 125 vn.
1012 89 1112 125 CAP.
1140 95 1185 125 28

172 199 233 240 ibi
277 199 538 253 praedonum
586 198 722 252 magis
769 213 896 252 quam
937 197 1128 239 hostium
1181 198 1314 239 animi
1363 198 1544 253 inventi3
1589 198 1729 252 prima

1435 106 1462 125 a.
1482 106 1512 125 u.
1532 106 1556 124 c.
1575 99 1727 125 409—411.
1770 0 1794 132 ἕ

124 267 146 297 4
173 258 317 312 itaque
345 258 435 299 acie
457 257 717 298 debellatum
740 261 817 298 est.
859 257 1044 298 dictator
1063 259 1221 309 tamen,
1248 257 1348 312 quia
1368 259 1411 297 et
1430 257 1542 299 ultro
1569 257 1726 298 bellum

172 317 409 358 intulerant
436 318 479 356 et
506 316 599 356 sine
627 315 939 357 detractatione
961 330 1004 356 se
1026 316 1250 356 certamini
1279 315 1529 370 offerebant,
1554 315 1728 357 deorum

173 389 339 430 quoque
368 389 469 428 opes
498 374 761 415 adhibendas
788 378 907 415 ratus
934 374 1046 415 inter
1072 374 1208 428 ipsam
1237 373 1555 416 dimicationem
1583 375 1729 416 aedem

171 434 327 476 Iunoni
353 433 551 474 Monetae
578 433 713 483 vovit3
749 434 868 474 cuius
896 434 1123 474 damnatus
1150 433 1240 475 voti
1266 447 1360 474 cum
1382 433 1518 474 victor
1545 433 1728 475 Romam

124 503 143 533 5
170 493 432 546 revertisset,
465 492 675 533 dictatura
707 507 751 532 se
785 492 1012 533 abdicavit.
1063 495 1234 533 senatus
1269 492 1515 534 duumviros
1549 492 1602 533 ad
1634 506 1729 534 eam

171 552 318 593 aedem
345 567 422 605 pro
457 551 740 604 amplitudine
767 551 914 605 populi
939 551 1125 592 Romani
1153 551 1394 592 faciendam
1421 551 1558 592 creari
1583 550 1725 605 iussit,

170 611 289 652 locus
322 611 365 651 in
392 624 487 651 arce
513 610 764 663 destinatus,
797 624 902 664 quae
931 625 1029 651 area
1055 609 1222 650 aedium
1251 609 1309 651 M.
1333 609 1469 651 Manli
1495 608 1727 664 Capitolini

124 679 143 709 6
169 669 321 710 fuerat.
380 669 574 710 consules
621 668 843 710 dictatoris
889 669 1075 710 exercitu
1120 669 1172 710 ad
1218 669 1376 710 bellum
1416 668 1620 710 Volscum
1661 669 1727 710 usi

171 728 323 770 Soram
357 743 406 768 ex
438 728 656 781 hostibus,
688 728 883 769 incautos
918 728 1074 782 adorti,
1106 731 1320 781 ceperunt.

291 790 415 828 Anno
460 790 578 840 post,
623 801 749 841 quam
794 789 896 828 vota
940 789 1048 840 erat,
1094 787 1218 827 aedes
1264 786 1462 827 Monetae
1508 786 1728 828 dedicatur

170 845 216 888 C.
254 845 416 887 Marcio
455 845 603 886 Rutilo
648 845 841 899 tertium,
885 845 930 886 T.
967 844 1130 886 Manlio
1176 845 1394 899 Torquato
1440 845 1594 886 iterum
1633 859 1728 886 con-

124 913 141 943 7
170 905 347 946 sulibus.

410 904 655 960 prodigium
701 904 916 958 extemplo
965 904 1276 945 dedicationem
1328 906 1538 960 secutum,

1589 904 1726 945 simile

168 967 338 1005 vetusto
372 964 530 1004 montis
563 963 723 1004 Albani
755 963 974 1018 prodigio,
1007 977 1190 1017 namque
1225 966 1268 1004 et
1298 963 1511 1017 lapidibus
1543 962 1655 1017 pluit
1685 965 1728 1004 et

168 1037 253 1064 nox
273 1022 460 1063 interdiu
481 1023 570 1063 visa
591 1022 771 1073 intendi,
792 1022 998 1076 librisque
1025 1022 1230 1076 inspectis
1252 1036 1347 1063 cum
1367 1022 1496 1076 plena
1517 1021 1726 1076 religione

170 1082 323 1122 civitas
358 1083 487 1134 esset,
527 1081 695 1122 senatui
734 1081 894 1134 placuit
931 1080 1184 1122 dictatorem
1223 1080 1426 1122 feriarum
1466 1080 1726 1122 constituen-

121 1149 141 1179 8
169 1141 314 1181 darum
337 1155 465 1180 causa
487 1139 581 1180 dici.
621 1140 758 1180 dictus
776 1140 818 1180 Ρ.
834 1139 1032 1181 V·aleiius
1050 1139 1288 1194 Publicola·
1307 1139 1515 1194 magister
1536 1139 1726 1193 equitum

167 1200 204 1240 ei
238 1198 285 1248 Q.
318 1198 478 1240 Fabius
512 1199 746 1240 Ambustus
779 1199 902 1240 datus
935 1202 1012 1240 est.
1068 1213 1155 1239 non
1188 1199 1325 1240 tribus
1362 1201 1532 1239 tantum
1566 1198 1727 1264 suppli-

169 1261 309 1299 catum
349 1258 409 1298 ire
448 1257 630 1312 placuit,
668 1257 741 1298 sed
779 1257 986 1298 finitimos
1026 1257 1154 1299 etiam
1194 1258 1397 1312 populos,
1435 1257 1625 1312 ordoque
1660 1256 1728 1312 iis,

170 1331 253 1371 quo
287 1316 466 1370 quisque
502 1316 567 1357 die
601 1316 910 1370 supplicarent,
944 1319 1146 1357 statutus.

285 1374 451 1416 Iudicia
478 1389 526 1416 eo
556 1389 665 1416 anno
694 1375 841 1429 populi
869 1375 1011 1416 tristia
1038 1376 1082 1415 in
1107 1375 1396 1416 faeneratores
1417 1374 1542 1428 facta,
1568 1374 1725 1429 quibus

168 1435 221 1475 ab
255 1434 464 1474 aedilibus
498 1434 612 1474 dicta
645 1434 733 1474 dies
768 1437 891 1487 esset,
924 1434 1164 1475 traduntur.

97 1502 139 1533 10
168 1493 279 1547 signi
306 1493 358 1534 ad
385 1493 636 1534 memoriam
665 1507 792 1534 causa
820 1493 872 1534 ad
899 1493 1193 1547 interregnum
1220 1493 1354 1533 rediit.
1399 1507 1448 1534 eo
1469 1493 1728 1546 interregno,

162 1631 238 1666 und
277 1631 418 1675 wurde,
464 1642 570 1666 wenn
614 1632 714 1666 aeine
753 1631 902 1666 Gru’ndc

161 1679 267 1713 nicht
292 1680 346 1714 als
374 1678 566 1722 zwingend
593 1679 821 1722 erschienen,
850 1679 903 1713 als

162 1726 367 1761 Ausreisser
392 1726 593 1760 behandelt
620 1728 667 1769 (3,
690 1729 745 1770 69,
767 1730 812 1770 7).

210 1773 347 1819 itaque]
379 1773 458 1817 Vgl.
487 1773 579 1817 Kap.
602 1777 634 1816 2,
657 1777 688 1808 6.

209 1825 240 1855 4.
269 1821 366 1866 opes]
394 1820 503 1855 Hilfe.
560 1824 612 1862 10,
632 1824 687 1864 38,
709 1824 728 1853 2
756 1820 903 1855 deorum

161 1868 270 1902 etiam
295 1868 539 1902 adhibuerant
565 1878 656 1911 opeS.

210 1914 398 1960 Monetae]
426 1926 498 1949 von
518 1925 668 1958 monere,
690 1914 819 1949 Gottin
840 1914 905 1949 der

162 1961 406 2005 Erinnerung.

208 2008 420 2053 damnatus]
458 2007 546 2042 Man
578 2008 735 2043 beachte
767 2007 826 2042 die
859 2007 903 2042 li-

160 2055 351 2090 vianische
391 2056 597 2089 Redensart
632 2056 786 2090 damnor
818 2056 903 2098 voti,

166 2102 248 2136 ‘ich
268 2101 388 2136 werde
416 2113 478 2135 zur
499 2102 693 2146 Erfu'llung
713 2102 813 2136 eines
835 2102 904 2136 Ge-

162 2148 293 2183 lfibdes
310 2148 554 2192 verpfiichtet,
576 2150 636 2183 ich
657 2148 743 2182 sehe
759 2150 904 2183 meinen

164 2195 330 2230 Wunsch
345 2195 506 2230 erfflllt’:
522 2200 553 2239 5,
569 2199 625 2238 25,
640 2199 677 2237 43
702 2199 755 2238 10,
771 2200 828 2238 37,
846 2200 904 2239 163

165 2244 544 2287 27,45,8(votor1,mz);
568 2247 623 2283 39,
639 2246 670 2284 9,
685 2246 717 2277 4.
745 2243 903 2287 Nepeo,

166 2294 197 2334 5,
219 2293 251 2324 3.
303 2290 411 2333 Vei-g.
439 2289 528 2324 Aen.
551 2293 588 2332 5,
610 2293 676 2324 237
709 2291 783 2325 voti
811 2301 903 2325 reus.

213 2340 244 2371 5.
273 2336 404 2381 creari]
431 2347 516 2370 vom
542 2336 670 2370 Volke.

213 2384 269 2418 M.
298 2383 441 2428 BIcmlz']
475 2383 632 2417 welcher
658 2387 726 2417 391)
754 2383 814 2418 die
840 2384 904 2417 Er—

166 2431 340 2475 steigung
379 2430 443 2464 des
482 2429 651 2474 Kapitols
690 2430 805 2464 durch
844 2430 903 2465 die

166 2478 306 2513 Gallier
330 2477 546 2512 verhindert
570 2477 674 2511 hatte
701 2476 776 2511 und
802 2478 905 2511 seclis

164 2526 276 2560 Jahre
295 2524 461 2559 nachlier
482 2525 536 2557 als
552 2524 823 2559 Hochverrater
844 2536 905 2568 ge-

164 2573 263 2607 totet
288 2571 436 2606 worden
463 2583 546 2605 war.

213 2623 244 2654 7.
271 2619 402 2653 montis
428 2618 568 2652 Albani
587 2617 775 2662 prodigio]
797 2619 906 2652 unter

164 2665 293 2700 Tullus
313 2664 507 2700 Hostilius.
532 2669 560 2707 1,
577 2669 633 2708 31,
656 2668 673 2698 1
695 2665 906 2699 nuntiatum

164 2715 241 2757 γεμί
273 2713 513 2757 patribusque
545 2716 595 2746 est
627 2712 668 2746 in
699 2715 815 2746 monte
840 2712 904 2746 Al-

165 2760 258 2794 bano
285 2760 470 2803 lapidibus
491 2759 659 2803 pluvisse.

211 2806 369 2852 intendi]
388 2806 660 2841 ‘einzutreten’.
683 2805 903 2849 Vgl.1,57‚8

160 2853 293 2896 primis
318 2864 353 2888 se
380 2853 647 2888 intendentibus
672 2853 836 2887 tenebris.

1223 1437 1264 1475 et
1296 1448 1362 1475 res
1394 1434 1508 1474 haud
1539 1434 1630 1474 ulla
1661 1433 1724 1474 in-

1023 1632 1145 1676 libris]
1167 1631 1244 1666 scil.
1267 1631 1481 1678 Sibyllinis;
1510 1629 1723 1675 Kap.27,1.

1022 1677 1724 1724 reltyione]‘Gew1ssensangst'.—Mit

974 1727 1103 1770 plenus
1121 1735 1185 1759 vei
1189 1726 1317 1761 bindet
1332 1725 1409 1760 Liv.
1434 1727 1532 1760 etwa
1554 1724 1725 1769 dreissig-

975 1774 1051 1807 mal
1072 1773 1143 1807 den
1160 1773 1261 1816 Gen,
1282 1773 1456 1808 neunmal
1477 1773 1549 1807 den
1562 1771 1716 1806 Ablativ

977 1821 1035 1864 (1,
1056 1823 1118 1863 25,
1142 1824 1177 1863 1,
1212 1824 1249 1862 5,
1269 1824 1331 1863 21,
1355 1824 1414 1861 10³
1451 1823 1514 1861 26,
1535 1823 1574 1861 7,
1597 1822 1616 1853 7
1644 1817 1720 1853 und

976 1871 1034 1911 42,
1056 1872 1092 1909 3³
1121 1870 1176 1909 38,
1197 1870 1251 1911 15,
1273 1868 1382 1902 eund
1395 1871 1449 1910 58,
1471 1871 1511 1909 33
1531 1869 1588 1910 41,
1607 1869 1663 1910 28,
1682 1869 1722 1908 93

978 1918 1034 1957 45,
1056 1918 1111 1956 27,
1138 1917 1204 1956 11).

1024 1961 1217 2006 feriarum]
1241 1961 1360 1996 Feier-
1380 1960 1455 1995 und
1475 1959 1644 2004 Bettage,
1672 1969 1721 1993 an

977 2008 1145 2042 welchen
1165 2007 1224 2042 die
1241 2008 1437 2043 Geschafte
1457 2009 1603 2049 ruhten,
1624 2007 1719 2040 auch

976 2056 1261 2099 supplicationes
1287 2058 1461 2100 genannt.
1506 2053 1577 2088 Ein
1598 2051 1720 2088 Stein-

976 2113 1089 2147 regen
1110 2102 1233 2136 wurde
1260 2101 1502 2145 regelm'assig
1521 2100 1638 2134 durch
1657 2100 1718 2135 ein

976 2150 1221 2193 neunt'agiges
1247 2150 1334 2184 Fest
1359 2149 1538 2192 gesfihnt,
1566 2148 1631 2182 das
1656 2157 1720 2182 ‘no-

978 2198 1141 2231 vendiale
1165 2207 1319 2231 sacrum
1360 2195 1442 2239 Vgl
1466 2199 1497 2238 1,
1517 2199 1574 2238 31,
1593 2196 1631 2237 43
1659 2196 1716 2238 21,

979 2247 1092 2285 62,6·
1120 2247 1175 2278 23
1199 2247 1253 2285 31,
1276 2246 1336 2284 15;
1364 2245 1493 2283 2623
1515 2247 1647 2277 6ua

1025 2294 1056 2324 8.
1090 2290 1130 2324 P.
1164 2290 1345 2335 Valerius]
1378 2289 1461 2334 Vgl.
1487 2269 1579 2333 ’Καρ
1602 2291 1664 2331 21,
1684 2290 1717 2322 4.
1739 2297 1744 2298 ⁷

1025 2337 1163 2382 tribus]
1221 2337 1286 2371 das
1329 2347 1393 2381 ges
1381 2338 1496 2371 amte
1533 2334 1718 2370 romische

977 2384 1076 2418 Volk
1102 2397 1145 2418 zu
1173 2383 1282 2419 Stadt
1307 2384 1383 2418 und
1413 2383 1526 2417 Land.

1013 2431 1184 2476 populos]
1205 2430 1263 2465 die
1274 2431 1341 2465 mit
1350 2430 1444 2465 Rom
1452 2429 1719 2464 befreundeten
1736 2459 1738 2464 ,

980 2478 1231 2513 Gemeinden
1224 2490 1261 2512 in
1274 2477 1431 2519 Latium,
1447 2476 1532 2510 dem
1546 2475 1716 2511 Sabine:-

978 2525 1089 2559 lande
1116 2525 1190 2559 und
1214 2525 1253 2559 in
1279 2524 1527 2558 Sudetrurien.

1026 2572 1190 2617 qzczsque]
1211 2572 1324 2607 naml.
1340 2571 1513 2616 populus,
1532 2569 1600 2604 mit
1618 2568 1734 2605 Plur..

979 2618 1043 2653 des
1070 2618 1200 2653 Verbs.
1728 2628 1734 2657 ζ

1027 2668 1058 2700 9.
1085 2666 1242 2710 iudicia]
1271 2664 1357 2699 Dies
1384 2664 1431 2698 ist
1456 2663 1514 2698 die
1539 2663 1634 2697 erste
1654 2661 1716 2698 be·
1728 2664 1734 2691 ἶ

977 2711 1117 2747 kannte
1139 2712 1361 2755 Bestrafnng
1386 2722 1457 2746 von
1476 2709 1726 2747 Wucherem„

978 2758 1299 2794 Wahrscheinlich
1313 2759 1448 2793 stutzte
1459 2756 1538 2791 sich
1551 2755 1716 2791 dieselbe

979 2806 1046 2840 auf
1068 2806 1373 2849 Bestimmungen
1388 2804 1451 2838 des
1475 2803 1648 2838 Gesetzes
1673 2802 1716 2837 de

977 2854 1217 2888 semunciario
1245 2853 1390 2895 faenore
1416 2850 1522 2895 (Kap.
1543 2854 1599 2894 27,
1620 2851 1667 2895 3).
