1794 3084
80 1260 100 1291 8

130 80 185 122 3ss

662 80 802 115 LIBER
830 80 925 116 VIII.
971 80 1074 117 CAP.
1104 86 1156 117 13.

1484 100 1509 119 a.
1529 100 1558 119 u.
1578 100 1602 118 c.
1622 94 1687 120 416.

132 203 179 230 ac
212 189 437 231 delendum
471 191 643 230 senatus
675 189 838 243 fremit3
871 189 1093 244 coactique
1125 189 1224 231 novi
1256 191 1452 233 consules
1485 191 1686 234 omnibus

85 259 103 290 -2
133 262 227 290 eam
259 263 349 289 rem
382 248 593 303 praeverti
625 247 967 301 proficiscuntur.
1010 249 1093 289 iam
1128 249 1174 289 iu
1199 247 1324 290 Latio
1356 249 1392 291 is
1426 252 1565 292 status
1597 253 1690 292 erat

132 322 285 360 rerum,
317 310 365 348 ut
396 321 531 361 neque
564 306 725 347 bellum
757 321 895 361 neque
921 321 1070 361 pacem
1097 307 1189 361 pati
1214 309 1411 362 possent3
1443 308 1496 350 ad
1527 309 1689 351 bellum

132 381 233 420 opes
267 366 460 418 deerant,
493 379 643 419 pacem
675 366 731 406 ob
765 366 858 419 agri
891 365 1079 420 adempti
1111 366 1301 407 dolorem
1335 367 1688 422 aspernabantur.

83 438 102 466 3
132 425 279 465 mediis
313 424 504 465 consiliis
538 424 741 466 standum
774 425 1011 478 videbatur,
1042 427 1090 466 ut
1121 425 1289 479 oppidis
1323 439 1367 467 se
1392 428 1601 482 tenerent,
1632 441 1687 468 ne

130 483 353 525 lacessitus
385 483 606 524 Romanus
640 498 813 524 causam
855 483 956 525 belli
986 483 1183 537 haberet,
1225 487 1284 539 et,
1323 485 1358 525 si
1391 485 1508 526 cuius
1542 485 1690 540 oppidi

129 542 294 584 obsidio
327 542 527 583 nuntiata
559 545 690 597 esset,
729 542 914 597 undique
953 556 1002 584 ex
1042 543 1240 584 omnibus
1281 543 1451 597 populis
1484 545 1688 586 auxilium

81 612 102 642 4
131 601 314 642 obsessis
341 600 535 644 ferretur.
579 616 718 655 neque
743 604 889 642 tamen
914 602 1000 642 nisi
1027 602 1259 643 admodum
1286 617 1309 643 a
1335 603 1482 656 paucis
1514 603 1688 658 populis

129 659 286 701 Pedani
315 660 451 701 adiuti
479 662 588 701 sunt.
631 660 830 702 Tiburtes
857 659 1225 715 Praenestinique,
1257 676 1438 715 quorum
1466 675 1570 715 ager
1593 676 1689 717 pro-

82 731 101 759 5
131 719 224 772 pior
245 721 347 773 erat,
363 718 524 760 Pedum
544 733 793 773 pervenere3
817 720 1016 761 Aricinos
1032 718 1364 774 Lanuvinosque
1385 723 1428 761 et
1442 719 1688 763 Veliternos

130 778 382 819 Antiatibus
409 777 579 819 Volscis
606 793 650 819 se
677 779 988 833 coniungentes
1016 779 1069 820 ad
1095 778 1281 820 Asturae
1307 778 1466 820 flumen
1490 778 1686 822 Maenius

83 848 102 878 6
131 837 366 891 improviso
400 836 576 878 adortus
608 836 733 879 fudit.
784 836 992 879 Camillus
1026 838 1077 878 ad
1109 837 1271 879 Pedum
1298 852 1394 879 cum
1420 837 1687 894 Tiburtibus,

129 896 313 936 maxime
347 896 488 937 valido
521 896 727 950 exercitu,
766 898 928 938 maiore
960 896 1091 949 mole,
1129 897 1388 950 quamquam
1427 911 1560 951 aeque
1593 912 1688 952 pro-

82 966 100 997 7
131 969 253 1009 spero
282 957 451 1009 eventu,
482 958 656 1010 pugnat.
712 956 945 997 tumultum
972 955 1156 996 maxime
1183 956 1408 1009 repentina
1435 956 1545 997 inter
1569 970 1690 1011 proe-

129 1014 234 1054 lium
267 1014 434 1068 eruptio
469 1014 782 1069 oppidanorum
814 1014 936 1067 fecit,
973 1015 1018 1055 in
1057 1029 1162 1068 quos
1194 1016 1317 1069 parte
1348 1015 1557 1056 exercitus
1590 1029 1688 1058 con—

127 1087 251 1114 versa
290 1071 497 1114 Camillus
538 1088 626 1114 non
664 1073 871 1127 compulit
912 1073 1052 1114 solum
1097 1088 1168 1115 eos
1218 1073 1335 1114 intra
1375 1074 1564 1128 moenia,
1615 1074 1689 1116 sed

130 1131 277 1173 eodem
312 1132 444 1173 etiam
477 1132 556 1185 die,
589 1146 684 1173 cum
717 1132 834 1187 ipsos
868 1132 1111 1187 auxiliaque
1145 1146 1292 1174 eorum
1317 1133 1585 1187 perculisset,
1617 1147 1689 1188 op-

126 1190 272 1243 pidum
307 1191 433 1232 scalis
468 1191 591 1245 cepit.

246 1249 414 1291 Placuit
445 1250 542 1291 inde
575 1250 662 1291 iam
694 1250 854 1291 maiore
893 1252 1050 1291 conatu
1092 1250 1321 1304 animoque
1359 1250 1413 1291 ab
1452 1249 1580 1292 unius
1621 1264 1688 1292 ex-

128 1309 393 1363 pugnatione
425 1309 545 1349 urbis
585 1308 637 1350 ad
670 1309 1005 1362 perdomandum
1048 1308 1223 1350 Latium
1261 1308 1468 1351 victorem
1508 1309 1687 1351 circum-

127 1367 277 1408 ducere
299 1368 540 1409 exercitum.
591 1382 668 1408 nec
696 1367 892 1421 quievere
919 1370 1031 1421 ante,
1065 1382 1193 1421 quam
1225 1367 1514 1422 expugnando
1542 1370 1617 1409 aut
1642 1368 1688 1410 in

127 1425 388 1467 deditionem
421 1426 666 1480 accipiendo
700 1426 894 1481 singulas
933 1426 1062 1467 urbes
1094 1426 1265 1467 Latium
1304 1440 1430 1468 omne
1468 1427 1688 1482 subegere.

78 1496 97 1526 9
125 1485 350 1539 praesidiis
389 1485 487 1527 inde
527 1485 746 1539 dispositis
784 1499 860 1539 per
897 1488 1070 1538 recepta
1115 1485 1272 1540 oppida
1302 1484 1483 1526 Romam
1523 1485 1576 1526 ad
1619 1485 1688 1527 de-

126 1544 334 1585 stinatum
389 1544 579 1585 omnium
631 1558 842 1585 consensu
896 1543 1164 1598 triumphum
1215 1543 1444 1585 decessere.

1514 1544 1687 1586 additus

124 1603 343 1656 triumpho
376 1603 535 1656 honos,
575 1605 623 1644 ut
661 1605 830 1644 statuae
870 1606 1087 1657 equestres
1120 1603 1181 1644 eis
1215 1627 1270 1632 —
1304 1617 1403 1644 rara
1432 1602 1511 1644 illa
1542 1605 1684 1644 aetate

123 1676 190 1703 res
222 1686 280 1691 —
311 1662 354 1703 in
386 1661 481 1704 foro
507 1664 782 1716 ponerentur.

124 1765 206 1799 eine
241 1765 302 1800 bei
334 1764 462 1799 Livius
498 1766 646 1810 h‘aufige
678 1766 869 1800 Wortver-

125 1811 292 1857 bindung
318 1813 361 1857 (z.
383 1812 423 1848 B.
445 1811 538 1857 Kap.
560 1816 615 1856 25,
631 1817 668 1856 33
697 1812 735 1859 1,
758 1816 813 1856 30,
830 1816 867 1856 4;

123 1859 172 1894 23
209 1863 265 1902 30,
288 1863 333 1903 e).

172 1883 353 1952 duziiibus]
393 1906 552 1941 seltenes
590 1907 790 1949 Neutrum,
825 1924 868 1935 =

124 1954 291 1988 omuibus
316 1955 404 1988 aliis
429 1955 543 1988 rebus.

166 2001 367 2046 praeverti]
415 2000 684 2045 ‘voraufgehen
727 2001 865 2035 lassen’

124 2046 177 2093 (2,
200 2051 256 2090 24,
278 2049 333 2091 5),
367 2049 469 2082 sonst
497 2048 780 2092 ‘voraufgehen’
815 2048 870 2094 (3,

125 2097 182 2137 22,
203 2097 242 2135 23
270 2098 326 2137 40,
350 2096 419 2137 14),
453 2094 650 2139 Deponens
677 2094 747 2128 mit
772 2094 869 2129 Pers.

124 2141 206 2175 Act.
235 2141 344 2185 (Kap.
373 2145 427 2183 16,
449 2145 486 2184 83
519 2142 558 2186 9,
581 2146 635 2184 17,
657 2144 701 2184 9)
733 2154 766 2176 u.
801 2141 869 2176 Ge-

124 2187 258 2279 rundi>v
285 2187 362 2234 (28,
391 2191 423 2231 7,
452 2192 512 2230 153
545 2188 611 2234 35,
639 2191 695 2232 33,
718 2191 777 2232 103
805 2188 870 2234 36,

125 2238 182 2277 27,
208 2239 227 2268 3
249 2262 253 2267 .

172 2285 205 2315 3.
231 2282 360 2316 mediis
385 2282 564 2327 consiliis]
593 2282 758 2316 mittlere
781 2282 871 2317 oder

125 2328 387 2363 vermittelnde
424 2328 661 2374 Massregeln.
712 2328 797 2373 Vgl.
831 2329 869 2375 3,

127 2379 182 2419 13,
204 2379 223 2409 5
249 2377 363 2410 medio
389 2377 536 2411 decreto.

171 2422 358 2468 standum]
395 2433 443 2458 sc.
478 2434 567 2466 esse,
609 2423 710 2456 ‘man
746 2425 870 2457 mfissc

125 2469 204 2504 sich
229 2470 485 2504 beschranken
517 2469 583 2504 auf
605 2497 612 2503 .
628 2496 634 2503 .
652 2470 675 2505 .'
706 2490 749 2495 —
775 2474 871 2505 stare

125 2527 158 2551 c.
177 2516 272 2561 Abl.,
301 2516 377 2551 ‘bei
404 2518 519 2552 etwas
541 2517 671 2551 stehen
691 2516 870 2559 bleiben’,

124 2563 241 2598 findet
268 2563 346 2598 sich
366 2562 427 2598 bei
447 2563 574 2599 Livius
597 2564 651 2599 oft
678 2563 729 2610 (3,
751 2568 806 2606 36,
831 2568 869 2606 83

127 2609 171 2656 9,
203 2615 264 2654 11,
291 2614 328 2652 23
369 2610 436 2657 24,
461 2614 496 2655 1,
526 2612 600 2656 13),
636 2607 873 2646 ¹namentlich

126 2657 389 2701 unperso'nlich
445 2657 535 2702 (wie
586 2657 680 2702 Kap.
726 2662 789 2702 40,
832 2662 872 2701 53

129 2703 165 2749 7,
188 2707 219 2747 6,
241 2705 287 2747 6).

175 2754 205 2784 4.
235 2751 427 2786 admodum
453 2763 476 2786 a
496 2751 648 2797 paucis]
672 2768 716 2780 =
737 2752 782 2786 ab
808 2752 873 2787 ad—

126 2797 268 2832 modum
289 2799 432 2842 paucis.
483 2798 566 2842 Vgl.
594 2797 687 2842 Kap.
714 2803 747 2841 2,
769 2802 800 2833 5.

175 2846 205 2877 5,
218 2845 431 2880 Amiatz'bus
441 2845 593 2891 Volscis]
604 2845 688 2889 Vgl.
699 2846 791 2890 Kap.
805 2849 870 2888 1‚2.

990 1765 1163 1810 Asturae]
1201 1765 1277 1800 Das
1311 1763 1513 1800 Flfisschen
1550 1765 1688 1801 Astura

942 1812 1118 1847 mundete
1158 1811 1305 1846 sudlich
1339 1823 1413 1848 von
1444 1810 1598 1847 Antium
1629 1811 1688 1847 ins

943 1859 1055 1894 Meer.

992 1911 1024 1941 6.
1050 1917 1129 1941 eum
1146 1906 1377 1952 Tiburtibus]
1392 1905 1463 1941 mit
1473 1905 1687 1941 Einschluss

942 1953 1007 1988 der
1031 1953 1279 1988 Pranestiner.

989 2001 1145 2035 maxime
1169 2001 1292 2035 valido
1321 2000 1497 2046 exercitu]
1526 2017 1570 2030 =
1595 2000 1687 2036 vali-

944 2048 1092 2082 dissimo
1117 2048 1289 2091 exercitu,
1315 2046 1538 2092 Apposition
1557 2059 1602 2082 zu
1625 2047 1686 2083 Ti-

945 2095 1122 2129 burtibus.

991 2142 1128 2176 maiore
1163 2141 1266 2187 mole]
1311 2141 1362 2175 im
1400 2141 1600 2185 Vergleich
1644 2151 1690 2176 zu

944 2188 1029 2223 dem
1057 2189 1166 2232 Siege
1194 2189 1257 2223 des
1282 2187 1461 2224 Maenius,

992 2240 1024 2271 8.
1044 2235 1205 2281 placuit]
1234 2246 1281 2270 sc.
1308 2236 1528 2271 consulibus.

991 2287 1023 2318 9.
1046 2282 1128 2327 per]
1151 2282 1266 2317 durch
1293 2309 1299 2316 .
1323 2310 1329 2317 .
1352 2310 1359 2317 .
1385 2282 1458 2316 hin.
1507 2282 1550 2316 iu
1568 2291 1686 2326 recep-

942 2330 989 2364 tis
1014 2330 1160 2374 oppidis
1190 2329 1316 2364 wurde
1347 2328 1429 2363 hier
1460 2327 1686 2364 vermieden.

989 2375 1230 2422 triumphum]
1236 2375 1414 2410 Camillus
1423 2375 1685 2420 triumphierte

943 2434 1003 2458 am
1030 2427 1085 2458 28.
1114 2424 1214 2467 Sept.
1241 2424 1283 2458 de
1311 2423 1474 2458 Pedam's
1499 2426 1532 2457 et
1553 2422 1685 2458 Tibur-

942 2471 1052 2514 tibus,
1079 2469 1248 2504 Maenius
1275 2481 1334 2504 am
1361 2473 1417 2505 30.
1445 2469 1547 2514 Sept.
1574 2468 1687 2512 (nach

943 2518 1012 2552 den
1034 2516 1373 2561 Triumphalfasten
1393 2517 1436 2552 de
1455 2516 1686 2559 Antiatibus,

944 2565 1128 2608 Lai-iniis,
1164 2564 1383 2608 Veliternis).

993 2615 1135 2647 statuae
1147 2611 1337 2656 equestres]
1359 2610 1469 2645 Diese
1482 2609 1686 2644 besondere

945 2657 1230 2703 Auszeichnung
1267 2656 1442 2700 beweist‚
1481 2654 1562 2690 dass
1598 2666 1686 2690 man

947 2705 1018 2740 den
1061 2704 1208 2749 grossen
1245 2703 1375 2748 Erfolg
1421 2702 1540 2737 dieses
1578 2701 1685 2738 Feld-

946 2750 1219 2833 (zlugetkrichtlig
1237 2751 1426 2830 erkffimte.
1442 2797 1458 2831 b
1477 2748 1537 2784 Sie
1558 2750 1685 2830 {midde

995 2810 1018 2832 n
1102 2810 1169 2832 nsu
1187 2810 1210 2832 n
1244 2808 1301 2832 wo
1381 2807 1438 2831 ers
1492 2807 1562 2831 nac
1647 2807 1686 2831 er

946 2809 1126 2888 qununog
1175 2844 1240 2879 der
1287 2843 1684 2878 Bundesverhaltnisse
