1794 3084
60 171 85 190 a.
106 163 158 190 Ch.
178 171 205 190 n.
225 165 286 190 340.

580 153 726 189 LIBER
752 153 850 188 VIII.
897 152 998 188 CAP.
1021 157 1050 188 7.
1079 156 1112 188 8.
1566 153 1619 193 21

61 263 288 318 sciplinam
315 263 545 305 militarem
574 263 701 318 culpa
721 266 797 304 tua
817 263 1066 318 prolapsam
1087 276 1227 317 poena
1245 261 1462 304 restituas.
1500 262 1526 316 i,
1549 261 1622 303 lic-

59 326 142 378 tor,
175 322 317 378 deliga
350 323 402 364 ad
434 322 610 377 palum.⁹

178 381 432 424 Exanimati
464 396 612 424 omnes
644 384 734 423 tam
768 381 904 423 atroci
935 381 1117 436 imperio
1149 395 1227 422 nec
1259 380 1384 421 aliter
1417 395 1544 435 quam
1578 381 1623 421 in
1650 389 1695 421 2ο

60 455 104 483 se
145 442 325 497 quisque
367 441 617 483 destrictam
657 444 878 483 cernentes
925 454 1116 482 securem
1158 442 1276 481 metu
1314 440 1453 494 magis
1493 454 1622 494 quam

61 501 274 543 modestia
306 502 516 555 quievere.
572 501 718 555 itaque
749 500 869 542 velut
901 513 1042 541 merso
1076 500 1129 540 ab
1163 499 1444 541 admiratione
1477 500 1622 541 animo
1649 508 1692 539 21

59 574 157 602 cum
184 560 357 602 silentio
390 561 516 602 defixi
549 561 784 612 stetissent,
822 562 1010 613 repente,
1042 561 1273 613 postquam
1306 559 1466 600 cervice
1499 573 1623 600 caesa

57 619 180 661 fusus
213 623 280 661 est
311 634 454 674 cruor,
491 622 581 660 tam
614 619 750 660 libero
783 620 1018 672 conquestu
1059 621 1233 659 coortae
1265 632 1391 659 voces
1424 620 1541 672 sunt,
1575 621 1623 659 ut

57 693 195 734 neque
239 679 440 720 lamentis
485 693 622 733 neque
668 677 1034 719 exsecrationibus
1080 680 1344 731 parceretur,
1389 677 1624 732 spoliisque
1650 686 1694 717 22

58 741 302 780 contectum
333 737 500 780 iuvenis
544 752 718 792 corpus,
758 740 969 792 quantum
1008 736 1271 778 militaribus
1311 736 1463 778 studiis
1494 736 1624 778 funus

60 798 196 839 ullum
217 797 508 839 concelebrari
529 800 687 851 potest,
709 798 874 838 structo
896 799 1015 837 extra
1041 796 1202 837 vallum
1228 810 1335 850 rogo
1363 800 1626 838 cremaretur

59 855 366 911 Manlianaque
398 857 581 911 imperia
617 872 703 899 non
744 856 789 897 in
827 856 1074 910 praesentia
1115 856 1241 897 modo
1279 855 1513 910 horrenda,
1552 855 1625 897 sed

63 916 247 969 exempli
279 917 411 957 etiam
443 916 582 958 tristis
614 915 661 957 in
692 917 917 970 posterum
950 917 1100 956 essent.

183 975 306 1018 Fecit
331 977 476 1017 tamen
506 976 712 1017 atrocitas
738 989 901 1029 poenae
928 974 1297 1016 oboedientiorem
1318 973 1415 1015 duci
1435 974 1628 1029 militem,
1649 970 1677 1014 S

61 1039 106 1078 et
136 1038 438 1091 praeterquam
479 1035 590 1090 quod
632 1034 853 1077 custodiae
885 1034 1145 1089 vigiliaeque
1178 1037 1221 1075 et
1253 1033 1357 1075 ordo
1391 1034 1629 1075 stationum

59 1095 306 1137 intentioris
340 1094 496 1148 ubique
529 1108 655 1136 curae
683 1096 816 1148 erant,
848 1093 893 1134 in
920 1094 1071 1134 ultimo
1099 1092 1228 1134 etiam
1257 1094 1502 1147 certamine,
1534 1107 1628 1135 cum

63 1155 313 1196 descensum
346 1153 390 1194 in
424 1154 558 1195 aciem
591 1157 670 1208 est,
703 1168 754 1195 ea
781 1152 988 1195 severitas
1014 1152 1188 1207 profuit.
1232 1152 1316 1193 fuit
1343 1156 1485 1194 autem
1513 1152 1628 1194 civili
1655 1162 1675 1192 2

59 1215 247 1256 maxime
273 1213 388 1255 bello
415 1227 562 1268 pugna
590 1213 766 1267 similis3
801 1212 906 1254 adeo
933 1212 1040 1253 nihil
1068 1212 1180 1266 apud
1200 1210 1379 1253 Latinos
1407 1212 1627 1254 dissonum

59 1274 113 1316 ab
146 1273 344 1315 Romana
375 1287 419 1314 re
453 1276 623 1327 praeter
655 1272 824 1314 animos
858 1275 961 1313 erat.

58 1424 469 1508 ἓ1311393191113π11ᾶ(21,
481 1429 535 1469 18,
546 1429 584 1468 63
607 1424 669 1472 22,
682 1428 737 1469 59,
748 1428 808 1466 13;

58 1495 80 1509 ...
146 1477 199 1516 12,
223 1473 292 1513 10).

106 1497 246 1566 ἕιεῑίρα]
274 1520 348 1555 Der
373 1532 437 1554 zur
463 1519 702 1555 effentliehen
716 1520 807 1554 Hin-

57 1567 234 1613 richtung
247 1566 474 1602 Verurteilte
495 1568 621 1602 wurde
637 1578 684 1601 an
700 1567 808 1602 einen

58 1615 169 1650 Pfahl
190 1616 333 1661 (pdlus)
354 1615 563 1660 gebunden,
590 1614 660 1649 mit
685 1615 807 1650 Ruten

60 1664 239 1708 gestaupt
272 1663 347 1697 und
379 1662 450 1696 mit
487 1662 571 1697 dem
610 1662 692 1696 Beil
730 1664 807 1696 ent-

59 1710 220 1755 hauptet
245 1710 333 1754 (vgl.
364 1710 454 1754 Kap.
483 1714 544 1752 32,
568 1713 629 1750 1o;
657 1710 700 1753 2,
727 1712 760 1752 5,
788 1713 808 1744 8

60 1758 137 1793 und
165 1762 220 1800 59,
239 1762 300 1800 113
328 1756 391 1803 26,
411 1762 463 1798 13,
485 1760 545 1799 15,
573 1756 637 1802 23,
659 1761 714 1800 29,
738 1759 807 1801 11).

107 1809 163 1840 20.
191 1817 318 1850 quam.
335 1833 341 1840 .
358 1804 571 1850 .cernentes]
581 1805 810 1849 ungewohn—

59 1852 157 1888 liche
165 1852 408 1897 Verkfirzung
423 1852 809 1897 desVergleichungs-

60 1903 176 1936 satzes
187 1911 296 1946 quam
308 1901 356 1934 si.
373 1928 380 1935 .
397 1903 595 1935 ‚cernerent
605 1900 691 1944 (d.h.
702 1911 811 1944 quam

65 1949 294 1994 quievissent,
319 1948 367 1982 si.
383 1974 393 1984 .
409 1948 623 1990 midissent).

109 1995 339 2041 destrictam]
385 1995 702 2039 hervorgezogen,
747 2005 808 2038 ge-

63 2043 186 2078 ziickt.

112 2089 286 2136 securem]
321 2088 380 2124 die
413 2089 671 2133 gewohnliehe
699 2088 811 2123 Form

64 2137 127 2173 bei
151 2137 278 2172 Livius
306 2137 474 2183 (3,36‚4;
502 2137 686 2182 9,16‚17)‚
715 2136 811 2171 doch

63 2185 159 2220 auch
185 2187 337 2220 securim
367 2184 421 2231 (1,
436 2188 492 2228 40,
509 2189 554 2229 7).
591 2185 664 2219 Der
682 2183 808 2218 Ablat.

64 2233 177 2268 heisst
201 2233 332 2268 securi.

110 2284 166 2315 21.
193 2281 330 2325 itaque.
348 2309 355 2315 .
372 2279 582 2325 .stetissent]
598 2278 809 2323 Erklarung

63 2329 136 2362 und
145 2327 260 2372 Folge
274 2340 317 2362 zu
327 2331 438 2362 metu.
455 2355 462 2362 .
479 2356 486 2362 .
498 2329 676 2372 quievere:
691 2326 809 2360 durch

63 2375 130 2410 das
186 2375 396 2410 Erstaunen
450 2373 809 2419 niedergeschlagen

63 2423 222 2458 standen
248 2421 321 2456 alle
347 2421 485 2457 lautlos
511 2421 568 2456 da.

111 2471 156 2505 ab
183 2469 443 2515 admiratione]
460 2470 505 2504 ab
518 2468 738 2503 bezeichnet
749 2467 809 2502 bei

62 2516 189 2552 Livius
210 2517 266 2553 oft
285 2518 344 2552 die
365 2516 508 2551 aussere
529 2516 810 2560 Veranlassung

64 2564 153 2600 oder
179 2565 250 2600 den
274 2563 534 2610 Beweggrund
561 2563 665 2608 (Kap.
694 2567 747 2606 13,
769 2565 806 2607 83

64 2616 120 2656 16,
142 2617 179 2655 63
206 2615 262 2656 29,
286 2614 355 2655 13).

111 2659 238 2706 defixi]
264 2659 444 2704 geliihmt,
466 2659 621 2694 erstarrt
640 2657 807 2704 (1,29,3;

63 2706 102 2752 3,
118 2711 175 2751 47,
188 2713 224 2748 6;
251 2708 290 2753 6,
305 2711 362 2749 40,
380 2713 414 2750 1;
445 2707 479 2752 7,
499 2710 552 2749 10,
570 2708 640 2749 12).

112 2759 168 2790 22.
208 2754 411 2790 Manliana
447 2753 618 2798 imperia]
664 2751 807 2797 sprich-

64 2801 260 2837 wortliche
285 2801 550 2846 Bezeichnung
575 2800 634 2835 fiir
656 2799 808 2835 Befehle

64 2859 137 2884 von
162 2850 382 2884 unerhorter
402 2849 557 2893 Strenge
586 2848 674 2883 oder
694 2848 808 2883 Gran-

65 2895 236 2939 samkeit,
263 2897 358 2931 auch
387 2897 630 2932 Postumiana
654 2896 810 2939 imperia

65 2942 154 2988 (vgl.
176 2941 269 2980 Gell.
297 2944 335 2990 1,
359 2948 412 2987 13,
435 2946 482 2989 7),
508 2943 594 2978 weil
619 2943 670 2978 im
696 2943 807 2977 Jahre

881 1428 948 1458 431
977 1435 1010 1458 v.
1032 1423 1115 1459 Chr.
1142 1424 1207 1459 der
1235 1423 1407 1458 Diktator
1433 1423 1476 1456 A.
1500 1422 1628 1458 Postu-

880 1472 977 1506 mius
1014 1472 1111 1506 nach
1150 1472 1271 1507 einem
1304 1470 1412 1515 Siege
1444 1471 1536 1505 fiber
1567 1470 1627 1505 die

881 1518 1043 1553 Volsker
1057 1520 1184 1554 seinen
1195 1518 1294 1553 Sohn
1308 1517 1521 1552 hinrichten
1532 1517 1627 1562 liess,

880 1566 1042 1601 welcher
1050 1566 1226 1601 wii-hrend
1241 1566 1306 1600 der
1315 1564 1503 1608 Schlaoht,
1513 1565 1628 1600 durch

881 1614 963 1648 eine
976 1613 1223 1658 Gelegenheit
1235 1625 1279 1647 zu
1296 1613 1416 1648 einem
1427 1612 1629 1657 gfinstigen

881 1661 1041 1705 Kampfe
1055 1661 1235 1705 vessockt,
1257 1661 1383 1695 seinen
1397 1660 1534 1695 Posten
1547 1671 1628 1694 ver—

881 1709 1005 1743 lassen
1030 1709 1135 1743 hatte
1163 1707 1216 1755 (4,
1237 1711 1293 1751 29,
1315 1709 1360 1753 5).

930 1757 971 1790 in
990 1756 1220 1802 praesentia]
1249 1756 1328 1789 ‘zur
1355 1755 1445 1799 Zeit,
1472 1755 1530 1789 fiir
1556 1754 1628 1789 den

882 1802 1148 1847 Augenblick’‚
1157 1815 1228 1838 von
1238 1803 1303 1838 der
1311 1802 1629 1847 Vergangenheit‚

884 1852 1024 1886 welche
1057 1852 1158 1885 einer
1183 1853 1356 1896 sp‘ateren
1385 1849 1466 1885 Zeit
1490 1861 1628 1895 gegen-

884 1897 1132 1943 fibergestellt
1162 1898 1255 1932 wird
1287 1898 1399 1942 (Kap.
1421 1903 1483 1939 33,
1506 1901 1566 1940 153
1593 1897 1628 1942 2,

883 1949 990 1988 44‚2;
1019 1946 1055 1992 7,
1071 1950 1177 1988 37‚2;
1204 1945 1338 1990 33‚‘27,
1353 1949 1395 1980 10
1416 1957 1450 1980 u.
1472 1946 1531 1990 a.)‚
1559 1945 1628 1980 sel-

882 1995 986 2028 tener
1000 1994 1282 2040 iupraesensffi,
1292 1997 1349 2036 27,
1360 1997 1420 2035 1ος
1441 1992 1505 2038 30,
1518 1996 1572 2036 17,
1582 1994 1628 2037 1).

931 2040 968 2076 8.
997 2044 1026 2076 1.
1053 2041 1155 2087 duci]
1180 2058 1224 2069 =
1243 2041 1465 2084 consulibus,
1492 2040 1628 2076 ebenso

881 2088 1109 2124 kollektiver
1135 2087 1326 2133 Singular,
1365 2088 1434 2123 wie
1470 2088 1628 2123 militem.

931 2135 1132 2182 custodiae]
1158 2136 1324 2171 kleinere
1346 2135 1630 2170 Schildwachen

882 2183 1060 2218 wahrend
1086 2184 1150 2219 des
1177 2184 1316 2229 Tages,
1343 2183 1512 2228 dagegen
1537 2183 1629 2229 viyi-

883 2231 955 2266 liae
980 2230 1043 2265 bei
1069 2231 1211 2274 Nacht;
1251 2231 1310 2265 die
1342 2232 1516 2266 stationes
1548 2231 1629 2265 sind

881 2277 1047 2321 grossere
1085 2278 1359 2324 Wachposten,
1403 2279 1525 2313 zumal
1569 2277 1629 2312 die

882 2325 1094 2370 Vorposten
1119 2337 1186 2362 vor
1212 2327 1296 2361 dem
1322 2325 1452 2371 Lager.

929 2374 1050 2420 erant]
1072 2373 1141 2409 mit
1156 2373 1245 2409 Gen.
1261 2374 1371 2419 qual.‚
1394 2373 1471 2408 ‘ein
1484 2373 1628 2418 Gegen-

882 2421 991 2456 stand
1001 2450 1009 2457 .
1025 2450 1032 2457 .
1049 2422 1217 2457 .waren’.

929 2469 1151 2515 descensum]
1179 2480 1262 2504 vom
1284 2469 1403 2504 hoher
1423 2468 1628 2512 gelegeneu

881 2515 1002 2561 Lager
1034 2517 1100 2551 auf
1132 2518 1199 2551 das
1235 2514 1504 2551 Schlachtfeld.
1555 2515 1629 2549 Der

879 2563 1075 2599 Ausdruck
1096 2564 1303 2599 descendere
1322 2565 1363 2598 in
1383 2564 1494 2598 aciem
1514 2561 1630 2596 findet

881 2611 960 2645 sich
987 2611 1042 2646 oft
1067 2623 1154 2646 vom
1179 2611 1328 2655 Auszug
1361 2623 1424 2645 zur
1450 2609 1628 2644 Schlacht

881 2659 934 2704 (9,
958 2663 1011 2701 14,
1034 2663 1069 2701 7ς
1100 2659 1164 2704 23,
1185 2662 1242 2702 40,
1264 2663 1302 2701 9;
1329 2657 1394 2704 ⁴27,
1415 2661 1477 2700 41,
1499 2661 1535 2698 5;
1562 2656 1627 2702 31,

882 2709 937 2750 36,
959 2710 980 2740 4
1007 2719 1040 2741 u.
1062 2708 1122 2751 a.).

931 2757 962 2788 2.
991 2754 1093 2788 civili
1119 2753 1224 2800 bello]
1257 2753 1389 2788 kurzer
1419 2749 1625 2786 Ausdruck.

882 2801 956 2835 Der
992 2801 1168 2836 Gedanke
1201 2802 1268 2836 ist:
1309 2811 1440 2845 pugna
1471 2799 1628 2833 maoeime

882 2849 1014 2883 similis
1039 2852 1116 2883 erat
1136 2859 1298 2893 puynae,
1322 2848 1442 2892 qualis
1466 2847 1508 2881 in
1527 2846 1630 2882 civili

883 2896 972 2931 bello
999 2899 1058 2930 est.
1109 2894 1194 2940 Vgl.
1223 2896 1316 2939 Kap.
1344 2900 1376 2938 5,
1398 2898 1430 2929 7.

929 2943 1034 2988 adeo]
1061 2942 1145 2987 Vgl.
1173 2943 1263 2987 Καρ.
1291 2946 1325 2985 2,
1347 2946 1377 2977 7.
