<?xml version="1.0" encoding="UTF-8"?>
<!DOCTYPE html PUBLIC "-//W3C//DTD XHTML 1.0 Transitional//EN"
    "http://www.w3.org/TR/xhtml1/DTD/xhtml1-transitional.dtd">
<html xmlns="http://www.w3.org/1999/xhtml" xml:lang="en" lang="en">
 <head>
  <title>
</title>
<meta http-equiv="Content-Type" content="text/html;charset=utf-8" />
  <meta name='ocr-system' content='tesseract 3.04.00' />
  <meta name='ocr-capabilities' content='ocr_page ocr_carea ocr_par ocr_line ocrx_word'/>
</head>
<body>
  <div class='ocr_page' id='page_1' title='image "./aburbeconditali00livyuoft_0091.png"; bbox 0 0 1794 3084; ppageno 0'>
   <div class='ocr_carea' id='block_1_1' title="bbox 67 144 310 171">
    <p class='ocr_par' dir='ltr' id='par_1_1' title="bbox 67 144 310 171">
     <span class='ocr_line' id='line_1_1' title="bbox 67 144 310 171; baseline -0.004 0"><span class='ocrx_word' id='word_1_1' title='bbox 67 152 95 171; x_wconf 70' lang='lat' dir='ltr'>a.</span> <span class='ocrx_word' id='word_1_2' title='bbox 115 144 182 170; x_wconf 86' lang='lat' dir='ltr'>Chr.</span> <span class='ocrx_word' id='word_1_3' title='bbox 201 151 228 169; x_wconf 85' lang='lat' dir='ltr'>n.</span> <span class='ocrx_word' id='word_1_4' title='bbox 249 144 310 170; x_wconf 81' lang='lat'>390.</span> 
     </span>
    </p>
   </div>
   <div class='ocr_carea' id='block_1_2' title="bbox 582 129 1627 171">
    <p class='ocr_par' dir='ltr' id='par_1_2' title="bbox 582 129 1627 171">
     <span class='ocr_line' id='line_1_2' title="bbox 582 129 1627 171; baseline -0.003 -4"><span class='ocrx_word' id='word_1_5' title='bbox 582 131 725 167; x_wconf 81' lang='lat' dir='ltr'>LIBER</span> <span class='ocrx_word' id='word_1_6' title='bbox 750 130 793 166; x_wconf 91' lang='lat' dir='ltr'>V.</span> <span class='ocrx_word' id='word_1_7' title='bbox 839 130 942 166; x_wconf 85' lang='lat' dir='ltr'>CAP.</span> <span class='ocrx_word' id='word_1_8' title='bbox 969 134 1024 166; x_wconf 88' lang='lat'>44.</span> <span class='ocrx_word' id='word_1_9' title='bbox 1053 134 1109 166; x_wconf 77' lang='lat'>45.</span> <span class='ocrx_word' id='word_1_10' title='bbox 1574 129 1627 171; x_wconf 84' lang='lat'>81</span> 
     </span>
    </p>
   </div>
   <div class='ocr_carea' id='block_1_3' title="bbox 70 239 1630 416">
    <p class='ocr_par' dir='ltr' id='par_1_3' title="bbox 70 239 1630 416">
     <span class='ocr_line' id='line_1_3' title="bbox 70 239 1630 295; baseline -0.003 -10"><span class='ocrx_word' id='word_1_11' title='bbox 70 243 246 286; x_wconf 86' lang='lat' dir='ltr'>fortuna</span> <span class='ocrx_word' id='word_1_12' title='bbox 289 242 436 284; x_wconf 87' lang='lat' dir='ltr'>oblata</span> <span class='ocrx_word' id='word_1_13' title='bbox 484 243 550 283; x_wconf 89' lang='lat' dir='ltr'>est</span> <span class='ocrx_word' id='word_1_14' title='bbox 593 243 635 283; x_wconf 90' lang='lat' dir='ltr'>et</span> <span class='ocrx_word' id='word_1_15' title='bbox 679 255 756 295; x_wconf 89' lang='lat' dir='ltr'>pro</span> <span class='ocrx_word' id='word_1_16' title='bbox 800 241 933 282; x_wconf 85' lang='lat' dir='ltr'>tantis</span> <span class='ocrx_word' id='word_1_17' title='bbox 978 240 1126 294; x_wconf 88' lang='lat' dir='ltr'>populi</span> <span class='ocrx_word' id='word_1_18' title='bbox 1171 239 1355 281; x_wconf 86' lang='lat' dir='ltr'>Romani</span> <span class='ocrx_word' id='word_1_19' title='bbox 1399 239 1630 293; x_wconf 88' lang='lat' dir='ltr'>beneficiis,</span> 
     </span>
     <span class='ocr_line' id='line_1_4' title="bbox 70 298 1629 358; baseline -0.004 -13"><span class='ocrx_word' id='word_1_20' title='bbox 70 305 234 358; x_wconf 87' lang='lat' dir='ltr'>quanta</span> <span class='ocrx_word' id='word_1_21' title='bbox 260 302 342 356; x_wconf 91' lang='lat' dir='ltr'>ipsi</span> <span class='ocrx_word' id='word_1_22' title='bbox 364 301 620 342; x_wconf 74' lang='lat' dir='ltr'>meministis</span> <span class='ocrx_word' id='word_1_23' title='bbox 642 325 696 329; x_wconf 97' lang='lat'><strong>—</strong></span> <span class='ocrx_word' id='word_1_24' title='bbox 718 314 796 341; x_wconf 89' lang='lat' dir='ltr'>nec</span> <span class='ocrx_word' id='word_1_25' title='bbox 823 300 935 340; x_wconf 90' lang='lat' dir='ltr'>enim</span> <span class='ocrx_word' id='word_1_26' title='bbox 957 298 1254 354; x_wconf 87' lang='lat' dir='ltr'>exprobranda</span> <span class='ocrx_word' id='word_1_27' title='bbox 1281 298 1394 352; x_wconf 86' lang='lat' dir='ltr'>apud</span> <span class='ocrx_word' id='word_1_28' title='bbox 1420 312 1629 340; x_wconf 85' lang='lat' dir='ltr'>memores</span> 
     </span>
     <span class='ocr_line' id='line_1_5' title="bbox 70 358 1630 416; baseline -0.003 -12"><span class='ocrx_word' id='word_1_29' title='bbox 70 365 172 404; x_wconf 86' lang='lat' dir='ltr'>sunt</span> <span class='ocrx_word' id='word_1_30' title='bbox 202 385 256 390; x_wconf 97' lang='lat'><strong>—</strong></span> <span class='ocrx_word' id='word_1_31' title='bbox 291 361 458 416; x_wconf 85' lang='lat' dir='ltr'>gratiae</span> <span class='ocrx_word' id='word_1_32' title='bbox 489 359 736 401; x_wconf 79' lang='lat' dir='ltr'>referendae</span> <span class='ocrx_word' id='word_1_33' title='bbox 769 363 811 400; x_wconf 87' lang='lat' dir='ltr'>et</span> <span class='ocrx_word' id='word_1_34' title='bbox 843 358 940 400; x_wconf 84' lang='lat' dir='ltr'>huic</span> <span class='ocrx_word' id='word_1_35' title='bbox 972 358 1068 400; x_wconf 88' lang='lat' dir='ltr'>urbi</span> <span class='ocrx_word' id='word_1_36' title='bbox 1100 358 1226 400; x_wconf 87' lang='lat' dir='ltr'>decus</span> <span class='ocrx_word' id='word_1_37' title='bbox 1259 358 1412 413; x_wconf 85' lang='lat' dir='ltr'>ingens</span> <span class='ocrx_word' id='word_1_38' title='bbox 1445 358 1547 399; x_wconf 90' lang='lat' dir='ltr'>belli</span> <span class='ocrx_word' id='word_1_39' title='bbox 1580 372 1630 399; x_wconf 87' lang='lat' dir='ltr'>ex</span> 
     </span>
    </p>
   </div>
   <div class='ocr_carea' id='block_1_4' title="bbox 68 417 1461 474">
    <p class='ocr_par' dir='ltr' id='par_1_4' title="bbox 68 417 1461 474">
     <span class='ocr_line' id='line_1_6' title="bbox 68 417 1461 474; baseline -0.004 -11"><span class='ocrx_word' id='word_1_40' title='bbox 68 421 194 463; x_wconf 85' lang='lat' dir='ltr'>hoste</span> <span class='ocrx_word' id='word_1_41' title='bbox 232 420 449 462; x_wconf 89' lang='lat' dir='ltr'>communi</span> <span class='ocrx_word' id='word_1_42' title='bbox 488 419 698 474; x_wconf 83' lang='lat' dir='ltr'>pariendi,</span> <span class='ocrx_word' id='word_1_43' title='bbox 743 418 814 472; x_wconf 89' lang='lat' dir='ltr'>qui</span> <span class='ocrx_word' id='word_1_44' title='bbox 854 418 988 459; x_wconf 87' lang='lat' dir='ltr'>effuso</span> <span class='ocrx_word' id='word_1_45' title='bbox 1029 418 1200 473; x_wconf 86' lang='lat' dir='ltr'>agmine</span> <span class='ocrx_word' id='word_1_46' title='bbox 1246 417 1461 459; x_wconf 85' lang='lat' dir='ltr'>adventat.</span> 
     </span>
    </p>
   </div>
   <div class='ocr_carea' id='block_1_5' title="bbox 67 477 1678 951">
    <p class='ocr_par' dir='ltr' id='par_1_5' title="bbox 67 477 1678 951">
     <span class='ocr_line' id='line_1_7' title="bbox 69 477 1631 535; baseline -0.003 -13"><span class='ocrx_word' id='word_1_47' title='bbox 69 483 157 535; x_wconf 80' lang='lat' dir='ltr'>est,</span> <span class='ocrx_word' id='word_1_48' title='bbox 195 480 263 521; x_wconf 87' lang='lat' dir='ltr'>cui</span> <span class='ocrx_word' id='word_1_49' title='bbox 300 484 458 521; x_wconf 89' lang='lat' dir='ltr'>natura</span> <span class='ocrx_word' id='word_1_50' title='bbox 491 493 673 533; x_wconf 87' lang='lat' dir='ltr'>corpora</span> <span class='ocrx_word' id='word_1_51' title='bbox 705 478 954 531; x_wconf 86' lang='lat' dir='ltr'>animosque</span> <span class='ocrx_word' id='word_1_52' title='bbox 987 490 1145 531; x_wconf 83' lang='lat' dir='ltr'>magna</span> <span class='ocrx_word' id='word_1_53' title='bbox 1177 478 1314 532; x_wconf 82' lang='lat' dir='ltr'>magis</span> <span class='ocrx_word' id='word_1_54' title='bbox 1349 491 1476 531; x_wconf 91' lang='lat' dir='ltr'>quam</span> <span class='ocrx_word' id='word_1_55' title='bbox 1508 477 1631 518; x_wconf 88' lang='lat' dir='ltr'>firma</span> 
     </span>
     <span class='ocr_line' id='line_1_8' title="bbox 71 536 1631 593; baseline -0.003 -12"><span class='ocrx_word' id='word_1_56' title='bbox 71 539 253 593; x_wconf 82' lang='lat' dir='ltr'>dederit3</span> <span class='ocrx_word' id='word_1_57' title='bbox 304 553 353 580; x_wconf 92' lang='lat' dir='ltr'>eo</span> <span class='ocrx_word' id='word_1_58' title='bbox 398 539 441 579; x_wconf 90' lang='lat' dir='ltr'>in</span> <span class='ocrx_word' id='word_1_59' title='bbox 486 543 699 579; x_wconf 87' lang='lat' dir='ltr'>certamen</span> <span class='ocrx_word' id='word_1_60' title='bbox 751 550 876 578; x_wconf 88' lang='lat' dir='ltr'>omne</span> <span class='ocrx_word' id='word_1_61' title='bbox 927 536 1024 590; x_wconf 91' lang='lat' dir='ltr'>plus</span> <span class='ocrx_word' id='word_1_62' title='bbox 1071 537 1246 577; x_wconf 82' lang='lat' dir='ltr'>terroris</span> <span class='ocrx_word' id='word_1_63' title='bbox 1298 551 1424 591; x_wconf 91' lang='lat' dir='ltr'>quam</span> <span class='ocrx_word' id='word_1_64' title='bbox 1476 536 1631 577; x_wconf 85' lang='lat' dir='ltr'>virium</span> 
     </span>
     <span class='ocr_line' id='line_1_9' title="bbox 67 595 1678 653; baseline -0.002 -13"><span class='ocrx_word' id='word_1_65' title='bbox 67 599 225 641; x_wconf 86' lang='lat' dir='ltr'>ferunt.</span> <span class='ocrx_word' id='word_1_66' title='bbox 273 600 528 653; x_wconf 84' lang='lat' dir='ltr'>argumento</span> <span class='ocrx_word' id='word_1_67' title='bbox 557 597 614 638; x_wconf 91' lang='lat' dir='ltr'>sit</span> <span class='ocrx_word' id='word_1_68' title='bbox 640 596 780 638; x_wconf 86' lang='lat' dir='ltr'>clades</span> <span class='ocrx_word' id='word_1_69' title='bbox 806 595 1018 637; x_wconf 87' lang='lat' dir='ltr'>Romana:</span> <span class='ocrx_word' id='word_1_70' title='bbox 1045 598 1265 649; x_wconf 88' lang='lat' dir='ltr'>patentem</span> <span class='ocrx_word' id='word_1_71' title='bbox 1293 610 1439 649; x_wconf 84' lang='lat' dir='ltr'>cepere</span> <span class='ocrx_word' id='word_1_72' title='bbox 1464 595 1631 650; x_wconf 82' lang='lat' dir='ltr'>urbem3</span> <span class='ocrx_word' id='word_1_73' title='bbox 1659 604 1678 635; x_wconf 88' lang='lat'>5</span> 
     </span>
     <span class='ocr_line' id='line_1_10' title="bbox 69 655 1631 711; baseline -0.003 -11"><span class='ocrx_word' id='word_1_74' title='bbox 69 673 120 700; x_wconf 86' lang='lat' dir='ltr'>ex</span> <span class='ocrx_word' id='word_1_75' title='bbox 166 671 261 700; x_wconf 88' lang='lat' dir='ltr'>arce</span> <span class='ocrx_word' id='word_1_76' title='bbox 300 656 602 711; x_wconf 76' lang='lat' dir='ltr'>Capitolioque</span> <span class='ocrx_word' id='word_1_77' title='bbox 647 656 700 697; x_wconf 88' lang='lat' dir='ltr'>iis</span> <span class='ocrx_word' id='word_1_78' title='bbox 746 655 902 710; x_wconf 85' lang='lat' dir='ltr'>exigua</span> <span class='ocrx_word' id='word_1_79' title='bbox 946 655 1161 696; x_wconf 73' lang='lat' dir='ltr'>resistitur</span> <span class='ocrx_word' id='word_1_80' title='bbox 1199 669 1346 709; x_wconf 82' lang='lat' dir='ltr'>manu3</span> <span class='ocrx_word' id='word_1_81' title='bbox 1390 655 1477 696; x_wconf 89' lang='lat' dir='ltr'>iam</span> <span class='ocrx_word' id='word_1_82' title='bbox 1522 655 1631 696; x_wconf 90' lang='lat' dir='ltr'>obsi·</span> 
     </span>
     <span class='ocr_line' id='line_1_11' title="bbox 71 714 1630 769; baseline -0.003 -10"><span class='ocrx_word' id='word_1_83' title='bbox 71 717 212 760; x_wconf 89' lang='lat' dir='ltr'>dionis</span> <span class='ocrx_word' id='word_1_84' title='bbox 262 717 404 757; x_wconf 87' lang='lat' dir='ltr'>taedio</span> <span class='ocrx_word' id='word_1_85' title='bbox 454 715 554 757; x_wconf 86' lang='lat' dir='ltr'>victi</span> <span class='ocrx_word' id='word_1_86' title='bbox 608 715 845 757; x_wconf 87' lang='lat' dir='ltr'>abscedunt</span> <span class='ocrx_word' id='word_1_87' title='bbox 888 714 1070 769; x_wconf 83' lang='lat' dir='ltr'>vagique</span> <span class='ocrx_word' id='word_1_88' title='bbox 1120 728 1195 768; x_wconf 90' lang='lat' dir='ltr'>per</span> <span class='ocrx_word' id='word_1_89' title='bbox 1246 728 1373 769; x_wconf 82' lang='lat' dir='ltr'>agros</span> <span class='ocrx_word' id='word_1_90' title='bbox 1418 714 1630 769; x_wconf 86' lang='lat' dir='ltr'>palantur.</span> 
     </span>
     <span class='ocr_line' id='line_1_12' title="bbox 70 773 1678 830; baseline -0.001 -12"><span class='ocrx_word' id='word_1_91' title='bbox 70 777 167 819; x_wconf 86' lang='lat' dir='ltr'>cibo</span> <span class='ocrx_word' id='word_1_92' title='bbox 206 776 389 830; x_wconf 88' lang='lat' dir='ltr'>vinoque</span> <span class='ocrx_word' id='word_1_93' title='bbox 428 775 586 830; x_wconf 81' lang='lat' dir='ltr'>raptim</span> <span class='ocrx_word' id='word_1_94' title='bbox 627 774 780 815; x_wconf 87' lang='lat' dir='ltr'>hausto</span> <span class='ocrx_word' id='word_1_95' title='bbox 819 774 989 828; x_wconf 77' lang='lat' dir='ltr'>repleti,</span> <span class='ocrx_word' id='word_1_96' title='bbox 1034 773 1106 814; x_wconf 92' lang='lat' dir='ltr'>ubi</span> <span class='ocrx_word' id='word_1_97' title='bbox 1145 788 1229 815; x_wconf 84' lang='lat' dir='ltr'>nox</span> <span class='ocrx_word' id='word_1_98' title='bbox 1272 774 1454 828; x_wconf 88' lang='lat' dir='ltr'>appetit,</span> <span class='ocrx_word' id='word_1_99' title='bbox 1498 787 1630 828; x_wconf 89' lang='lat' dir='ltr'>prope</span> <span class='ocrx_word' id='word_1_100' title='bbox 1659 785 1678 816; x_wconf 84' lang='grc'><strong>6</strong></span> 
     </span>
     <span class='ocr_line' id='line_1_13' title="bbox 70 833 1631 890; baseline -0.003 -12"><span class='ocrx_word' id='word_1_101' title='bbox 70 836 187 878; x_wconf 87' lang='lat' dir='ltr'>rivos</span> <span class='ocrx_word' id='word_1_102' title='bbox 221 850 429 890; x_wconf 87' lang='lat' dir='ltr'>aquarum</span> <span class='ocrx_word' id='word_1_103' title='bbox 462 834 553 876; x_wconf 90' lang='lat' dir='ltr'>sine</span> <span class='ocrx_word' id='word_1_104' title='bbox 585 834 870 887; x_wconf 82' lang='lat' dir='ltr'>munimento,</span> <span class='ocrx_word' id='word_1_105' title='bbox 909 833 1000 875; x_wconf 89' lang='lat' dir='ltr'>sine</span> <span class='ocrx_word' id='word_1_106' title='bbox 1039 833 1299 874; x_wconf 87' lang='lat' dir='ltr'>stationibus</span> <span class='ocrx_word' id='word_1_107' title='bbox 1339 847 1387 874; x_wconf 84' lang='lat' dir='ltr'>ac</span> <span class='ocrx_word' id='word_1_108' title='bbox 1426 833 1631 874; x_wconf 81' lang='lat' dir='ltr'>custodiis</span> 
     </span>
     <span class='ocr_line' id='line_1_14' title="bbox 71 892 1630 951; baseline -0.002 -15"><span class='ocrx_word' id='word_1_109' title='bbox 71 895 234 951; x_wconf 87' lang='lat' dir='ltr'>passim</span> <span class='ocrx_word' id='word_1_110' title='bbox 265 894 454 936; x_wconf 81' lang='lat' dir='ltr'>ferarum</span> <span class='ocrx_word' id='word_1_111' title='bbox 481 894 566 935; x_wconf 86' lang='lat' dir='ltr'>ritu</span> <span class='ocrx_word' id='word_1_112' title='bbox 594 897 857 944; x_wconf 74' lang='lat' dir='ltr'>sternuntur,</span> <span class='ocrx_word' id='word_1_113' title='bbox 888 907 1000 934; x_wconf 90' lang='lat' dir='ltr'>nunc</span> <span class='ocrx_word' id='word_1_114' title='bbox 1028 893 1080 933; x_wconf 84' lang='lat' dir='ltr'>ab</span> <span class='ocrx_word' id='word_1_115' title='bbox 1109 892 1305 934; x_wconf 88' lang='lat' dir='ltr'>secundis</span> <span class='ocrx_word' id='word_1_116' title='bbox 1331 893 1458 933; x_wconf 86' lang='lat' dir='ltr'>rebus</span> <span class='ocrx_word' id='word_1_117' title='bbox 1491 893 1630 947; x_wconf 83' lang='lat' dir='ltr'>magis</span> 
     </span>
    </p>
   </div>
   <div class='ocr_carea' id='block_1_6' title="bbox 68 953 587 997">
    <p class='ocr_par' dir='ltr' id='par_1_6' title="bbox 68 953 587 997">
     <span class='ocr_line' id='line_1_15' title="bbox 68 953 587 997; baseline -0.004 -1"><span class='ocrx_word' id='word_1_118' title='bbox 68 955 198 997; x_wconf 87' lang='lat' dir='ltr'>etiam</span> <span class='ocrx_word' id='word_1_119' title='bbox 243 953 370 995; x_wconf 88' lang='lat' dir='ltr'>solito</span> <span class='ocrx_word' id='word_1_120' title='bbox 414 953 587 995; x_wconf 89' lang='lat' dir='ltr'>incauti.</span> 
     </span>
    </p>
   </div>
   <div class='ocr_carea' id='block_1_7' title="bbox 651 952 1676 994">
    <p class='ocr_par' dir='ltr' id='par_1_7' title="bbox 651 952 1676 994">
     <span class='ocr_line' id='line_1_16' title="bbox 651 952 1676 994; baseline 0.001 -1"><span class='ocrx_word' id='word_1_121' title='bbox 651 953 687 994; x_wconf 93' lang='lat' dir='ltr'>si</span> <span class='ocrx_word' id='word_1_122' title='bbox 731 952 852 994; x_wconf 90' lang='lat' dir='ltr'>vobis</span> <span class='ocrx_word' id='word_1_123' title='bbox 897 952 941 993; x_wconf 90' lang='lat' dir='ltr'>in</span> <span class='ocrx_word' id='word_1_124' title='bbox 992 952 1134 993; x_wconf 89' lang='lat' dir='ltr'>animo</span> <span class='ocrx_word' id='word_1_125' title='bbox 1186 954 1251 993; x_wconf 90' lang='lat' dir='ltr'>est</span> <span class='ocrx_word' id='word_1_126' title='bbox 1300 952 1411 993; x_wconf 86' lang='lat' dir='ltr'>tueri</span> <span class='ocrx_word' id='word_1_127' title='bbox 1461 952 1631 993; x_wconf 87' lang='lat' dir='ltr'>moenia</span> <span class='ocrx_word' id='word_1_128' title='bbox 1659 964 1676 994; x_wconf 84' lang='grc'>7</span> 
     </span>
    </p>
   </div>
   <div class='ocr_carea' id='block_1_8' title="bbox 67 1010 1632 1243">
    <p class='ocr_par' dir='ltr' id='par_1_8' title="bbox 67 1010 1632 1243">
     <span class='ocr_line' id='line_1_17' title="bbox 69 1010 1631 1067; baseline -0.003 -11"><span class='ocrx_word' id='word_1_129' title='bbox 69 1016 215 1056; x_wconf 85' lang='lat' dir='ltr'>vestra</span> <span class='ocrx_word' id='word_1_130' title='bbox 246 1028 324 1055; x_wconf 87' lang='lat' dir='ltr'>nec</span> <span class='ocrx_word' id='word_1_131' title='bbox 356 1014 448 1067; x_wconf 82' lang='lat' dir='ltr'>pati</span> <span class='ocrx_word' id='word_1_132' title='bbox 480 1013 586 1053; x_wconf 88' lang='lat' dir='ltr'>haec</span> <span class='ocrx_word' id='word_1_133' title='bbox 614 1012 759 1053; x_wconf 88' lang='lat' dir='ltr'>omnia</span> <span class='ocrx_word' id='word_1_134' title='bbox 786 1011 970 1052; x_wconf 87' lang='lat' dir='ltr'>Galliam</span> <span class='ocrx_word' id='word_1_135' title='bbox 1003 1011 1108 1064; x_wconf 87' lang='lat' dir='ltr'>fieri,</span> <span class='ocrx_word' id='word_1_136' title='bbox 1140 1011 1279 1065; x_wconf 85' lang='lat' dir='ltr'>prima</span> <span class='ocrx_word' id='word_1_137' title='bbox 1311 1010 1462 1065; x_wconf 83' lang='lat' dir='ltr'>vigilia</span> <span class='ocrx_word' id='word_1_138' title='bbox 1494 1011 1631 1065; x_wconf 85' lang='lat' dir='ltr'>capite</span> 
     </span>
     <span class='ocr_line' id='line_1_18' title="bbox 69 1070 1630 1127; baseline -0.002 -12"><span class='ocrx_word' id='word_1_139' title='bbox 69 1088 190 1115; x_wconf 87' lang='lat' dir='ltr'>arma</span> <span class='ocrx_word' id='word_1_140' title='bbox 219 1072 548 1127; x_wconf 82' lang='lat' dir='ltr'>frequentesque</span> <span class='ocrx_word' id='word_1_141' title='bbox 582 1085 649 1112; x_wconf 91' lang='lat' dir='ltr'>me</span> <span class='ocrx_word' id='word_1_142' title='bbox 684 1071 912 1125; x_wconf 86' lang='lat' dir='ltr'>sequimini</span> <span class='ocrx_word' id='word_1_143' title='bbox 940 1070 991 1111; x_wconf 90' lang='lat' dir='ltr'>ad</span> <span class='ocrx_word' id='word_1_144' title='bbox 1019 1070 1202 1124; x_wconf 87' lang='lat' dir='ltr'>caedem,</span> <span class='ocrx_word' id='word_1_145' title='bbox 1233 1085 1319 1111; x_wconf 89' lang='lat' dir='ltr'>non</span> <span class='ocrx_word' id='word_1_146' title='bbox 1349 1070 1401 1111; x_wconf 87' lang='lat' dir='ltr'>ad</span> <span class='ocrx_word' id='word_1_147' title='bbox 1428 1084 1630 1124; x_wconf 83' lang='lat' dir='ltr'>pugnam.</span> 
     </span>
     <span class='ocr_line' id='line_1_19' title="bbox 67 1129 1632 1184; baseline -0.003 -10"><span class='ocrx_word' id='word_1_148' title='bbox 67 1133 151 1175; x_wconf 90' lang='lat' dir='ltr'>nisi</span> <span class='ocrx_word' id='word_1_149' title='bbox 191 1133 358 1174; x_wconf 85' lang='lat' dir='ltr'>vinctos</span> <span class='ocrx_word' id='word_1_150' title='bbox 397 1146 547 1173; x_wconf 90' lang='lat' dir='ltr'>somno</span> <span class='ocrx_word' id='word_1_151' title='bbox 586 1131 704 1172; x_wconf 86' lang='lat' dir='ltr'>velut</span> <span class='ocrx_word' id='word_1_152' title='bbox 742 1130 921 1184; x_wconf 88' lang='lat' dir='ltr'>pecudes</span> <span class='ocrx_word' id='word_1_153' title='bbox 959 1129 1235 1171; x_wconf 84' lang='lat' dir='ltr'>trucidandos</span> <span class='ocrx_word' id='word_1_154' title='bbox 1267 1129 1501 1183; x_wconf 82' lang='lat' dir='ltr'>tradidero,</span> <span class='ocrx_word' id='word_1_155' title='bbox 1543 1144 1632 1171; x_wconf 89' lang='lat' dir='ltr'>non</span> 
     </span>
     <span class='ocr_line' id='line_1_20' title="bbox 67 1188 1630 1243; baseline -0.003 -9"><span class='ocrx_word' id='word_1_156' title='bbox 67 1206 217 1234; x_wconf 89' lang='lat' dir='ltr'>recuso</span> <span class='ocrx_word' id='word_1_157' title='bbox 257 1191 437 1233; x_wconf 89' lang='lat' dir='ltr'>eundem</span> <span class='ocrx_word' id='word_1_158' title='bbox 470 1190 636 1231; x_wconf 88' lang='lat' dir='ltr'>Ardeae</span> <span class='ocrx_word' id='word_1_159' title='bbox 675 1204 816 1231; x_wconf 87' lang='lat' dir='ltr'>rerum</span> <span class='ocrx_word' id='word_1_160' title='bbox 856 1203 1047 1230; x_wconf 89' lang='lat' dir='ltr'>mearum</span> <span class='ocrx_word' id='word_1_161' title='bbox 1086 1189 1267 1242; x_wconf 81' lang='lat' dir='ltr'>exitum,</span> <span class='ocrx_word' id='word_1_162' title='bbox 1309 1203 1435 1243; x_wconf 89' lang='lat' dir='ltr'>quem</span> <span class='ocrx_word' id='word_1_163' title='bbox 1469 1188 1630 1230; x_wconf 80' lang='lat' dir='ltr'>Romae</span> 
     </span>
    </p>
   </div>
   <div class='ocr_carea' id='block_1_9' title="bbox 68 1249 227 1293">
    <p class='ocr_par' dir='ltr' id='par_1_9' title="bbox 68 1249 227 1293">
     <span class='ocr_line' id='line_1_21' title="bbox 68 1249 227 1293; baseline 0 -1"><span class='ocrx_word' id='word_1_164' title='bbox 68 1249 227 1293; x_wconf 65' lang='lat' dir='ltr'>habui?</span> 
     </span>
    </p>
   </div>
   <div class='ocr_carea' id='block_1_10' title="bbox 67 1307 1701 1484">
    <p class='ocr_par' dir='ltr' id='par_1_10' title="bbox 67 1307 1701 1484">
     <span class='ocr_line' id='line_1_22' title="bbox 189 1307 1701 1364; baseline -0.001 -13"><span class='ocrx_word' id='word_1_165' title='bbox 189 1310 350 1364; x_wconf 88' lang='lat' dir='ltr'>Aequis</span> <span class='ocrx_word' id='word_1_166' title='bbox 394 1309 636 1364; x_wconf 90' lang='lat' dir='ltr'>iniquisque</span> <span class='ocrx_word' id='word_1_167' title='bbox 681 1322 932 1362; x_wconf 89' lang='lat' dir='ltr'>persuasum</span> <span class='ocrx_word' id='word_1_168' title='bbox 979 1309 1072 1349; x_wconf 89' lang='lat' dir='ltr'>erat</span> <span class='ocrx_word' id='word_1_169' title='bbox 1115 1309 1285 1348; x_wconf 87' lang='lat' dir='ltr'>tantum</span> <span class='ocrx_word' id='word_1_170' title='bbox 1333 1307 1446 1349; x_wconf 88' lang='lat' dir='ltr'>bello</span> <span class='ocrx_word' id='word_1_171' title='bbox 1491 1307 1701 1350; x_wconf 80' lang='lat' dir='ltr'>virum45</span> 
     </span>
     <span class='ocr_line' id='line_1_23' title="bbox 67 1369 1028 1423; baseline -0.003 -12"><span class='ocrx_word' id='word_1_172' title='bbox 67 1370 282 1412; x_wconf 86' lang='lat' dir='ltr'>neminem</span> <span class='ocrx_word' id='word_1_173' title='bbox 320 1383 502 1423; x_wconf 88' lang='lat' dir='ltr'>usquam</span> <span class='ocrx_word' id='word_1_174' title='bbox 541 1382 591 1409; x_wconf 90' lang='lat' dir='ltr'>ea</span> <span class='ocrx_word' id='word_1_175' title='bbox 627 1369 885 1422; x_wconf 85' lang='lat' dir='ltr'>tempestate</span> <span class='ocrx_word' id='word_1_176' title='bbox 924 1382 1028 1409; x_wconf 89' lang='lat' dir='ltr'>esse.</span> 
     </span>
     <span class='ocr_line' id='line_1_24' title="bbox 67 1427 1344 1484; baseline -0.002 -13"><span class='ocrx_word' id='word_1_177' title='bbox 67 1443 174 1484; x_wconf 89' lang='lat' dir='ltr'>pora</span> <span class='ocrx_word' id='word_1_178' title='bbox 212 1430 380 1481; x_wconf 85' lang='lat' dir='ltr'>curant,</span> <span class='ocrx_word' id='word_1_179' title='bbox 424 1427 599 1482; x_wconf 87' lang='lat' dir='ltr'>intenti,</span> <span class='ocrx_word' id='word_1_180' title='bbox 641 1441 771 1481; x_wconf 87' lang='lat' dir='ltr'>quam</span> <span class='ocrx_word' id='word_1_181' title='bbox 809 1441 910 1468; x_wconf 87' lang='lat' dir='ltr'>mox</span> <span class='ocrx_word' id='word_1_182' title='bbox 948 1427 1120 1482; x_wconf 85' lang='lat' dir='ltr'>signum</span> <span class='ocrx_word' id='word_1_183' title='bbox 1159 1427 1344 1468; x_wconf 85' lang='lat' dir='ltr'>daretur.</span> 
     </span>
    </p>
   </div>
   <div class='ocr_carea' id='block_1_11' title="bbox 66 1566 813 2934">
    <p class='ocr_par' dir='ltr' id='par_1_11' title="bbox 66 1566 812 1748">
     <span class='ocr_line' id='line_1_25' title="bbox 117 1566 810 1615; baseline -0.004 -11"><span class='ocrx_word' id='word_1_184' title='bbox 117 1573 150 1604; x_wconf 89' lang='lat'>3.</span> <span class='ocrx_word' id='word_1_185' title='bbox 175 1568 346 1615; x_wconf 80' lang='lat' dir='ltr'>fortuna]</span> <span class='ocrx_word' id='word_1_186' title='bbox 372 1566 441 1602; x_wconf 88' lang='lat' dir='ltr'>mit</span> <span class='ocrx_word' id='word_1_187' title='bbox 467 1567 555 1602; x_wconf 86' lang='lat' dir='ltr'>Gen.</span> <span class='ocrx_word' id='word_1_188' title='bbox 577 1566 659 1603; x_wconf 85' lang='lat' dir='ltr'>Ger.</span> <span class='ocrx_word' id='word_1_189' title='bbox 686 1567 725 1601; x_wconf 91' lang='lat' dir='ltr'>in</span> <span class='ocrx_word' id='word_1_190' title='bbox 746 1568 810 1601; x_wconf 90' lang='lat' dir='ltr'>der</span> 
     </span>
     <span class='ocr_line' id='line_1_26' title="bbox 68 1615 810 1661; baseline -0.005 -9"><span class='ocrx_word' id='word_1_191' title='bbox 68 1617 288 1661; x_wconf 83' lang='lat' dir='ltr'>Bedeutung</span> <span class='ocrx_word' id='word_1_192' title='bbox 322 1615 613 1660; x_wconf 86' lang='lat' dir='ltr'>‘Gelegenheit’,</span> <span class='ocrx_word' id='word_1_193' title='bbox 650 1615 717 1649; x_wconf 88' lang='lat' dir='ltr'>wie</span> <span class='ocrx_word' id='word_1_194' title='bbox 753 1618 810 1656; x_wconf 94' lang='lat'>21,</span> 
     </span>
     <span class='ocr_line' id='line_1_27' title="bbox 66 1664 812 1709; baseline -0.004 -9"><span class='ocrx_word' id='word_1_195' title='bbox 66 1668 129 1709; x_wconf 87' lang='lat'>41,</span> <span class='ocrx_word' id='word_1_196' title='bbox 168 1667 191 1698; x_wconf 90' lang='lat'>4</span> <span class='ocrx_word' id='word_1_197' title='bbox 228 1664 438 1700; x_wconf 73' lang='lat' dir='ltr'>conserendi</span> <span class='ocrx_word' id='word_1_198' title='bbox 474 1673 623 1697; x_wconf 73' lang='lat' dir='ltr'>manum</span> <span class='ocrx_word' id='word_1_199' title='bbox 659 1664 812 1705; x_wconf 72' lang='lat' dir='ltr'>fortuna</span> 
     </span>
     <span class='ocr_line' id='line_1_28' title="bbox 67 1713 241 1748; baseline -0.006 0"><span class='ocrx_word' id='word_1_200' title='bbox 67 1713 158 1748; x_wconf 82' lang='lat' dir='ltr'>data</span> <span class='ocrx_word' id='word_1_201' title='bbox 182 1715 241 1747; x_wconf 81' lang='lat' dir='ltr'>est.</span> 
     </span>
    </p>

    <p class='ocr_par' dir='ltr' id='par_1_12' title="bbox 66 1757 813 2847">
     <span class='ocr_line' id='line_1_29' title="bbox 113 1757 813 1805; baseline -0.006 -10"><span class='ocrx_word' id='word_1_202' title='bbox 113 1759 312 1805; x_wconf 76' lang='lat' dir='ltr'>beneficiis]</span> <span class='ocrx_word' id='word_1_203' title='bbox 339 1762 408 1793; x_wconf 88' lang='grc'>446</span> <span class='ocrx_word' id='word_1_204' title='bbox 431 1770 465 1793; x_wconf 84' lang='lat' dir='ltr'>v.</span> <span class='ocrx_word' id='word_1_205' title='bbox 487 1757 568 1793; x_wconf 87' lang='lat' dir='ltr'>Chr.</span> <span class='ocrx_word' id='word_1_206' title='bbox 596 1758 720 1792; x_wconf 89' lang='lat' dir='ltr'>wurde</span> <span class='ocrx_word' id='word_1_207' title='bbox 747 1758 813 1792; x_wconf 81' lang='lat' dir='ltr'>das</span> 
     </span>
     <span class='ocr_line' id='line_1_30' title="bbox 66 1804 813 1842; baseline -0.007 1"><span class='ocrx_word' id='word_1_208' title='bbox 66 1807 250 1842; x_wconf 70' lang='lat' dir='ltr'>romische</span> <span class='ocrx_word' id='word_1_209' title='bbox 270 1805 368 1841; x_wconf 88' lang='lat' dir='ltr'>Volk</span> <span class='ocrx_word' id='word_1_210' title='bbox 394 1816 467 1840; x_wconf 89' lang='lat' dir='ltr'>von</span> <span class='ocrx_word' id='word_1_211' title='bbox 486 1805 609 1840; x_wconf 90' lang='lat' dir='ltr'>Ardea</span> <span class='ocrx_word' id='word_1_212' title='bbox 637 1805 711 1839; x_wconf 91' lang='lat' dir='ltr'>und</span> <span class='ocrx_word' id='word_1_213' title='bbox 732 1804 813 1839; x_wconf 88' lang='lat' dir='ltr'>Ari-</span> 
     </span>
     <span class='ocr_line' id='line_1_31' title="bbox 67 1853 810 1890; baseline -0.004 0"><span class='ocrx_word' id='word_1_214' title='bbox 67 1855 126 1890; x_wconf 84' lang='lat' dir='ltr'>cia</span> <span class='ocrx_word' id='word_1_215' title='bbox 151 1854 190 1888; x_wconf 87' lang='lat' dir='ltr'>in</span> <span class='ocrx_word' id='word_1_216' title='bbox 216 1854 336 1889; x_wconf 86' lang='lat' dir='ltr'>einem</span> <span class='ocrx_word' id='word_1_217' title='bbox 358 1853 492 1888; x_wconf 82' lang='lat' dir='ltr'>Streite</span> <span class='ocrx_word' id='word_1_218' title='bbox 512 1853 602 1888; x_wconf 76' lang='lat' dir='ltr'>iiber</span> <span class='ocrx_word' id='word_1_219' title='bbox 622 1853 681 1887; x_wconf 78' lang='lat' dir='ltr'>die</span> <span class='ocrx_word' id='word_1_220' title='bbox 702 1853 810 1887; x_wconf 84' lang='lat' dir='ltr'>Mark</span> 
     </span>
     <span class='ocr_line' id='line_1_32' title="bbox 66 1899 811 1947; baseline -0.004 -10"><span class='ocrx_word' id='word_1_221' title='bbox 66 1902 133 1937; x_wconf 86' lang='lat' dir='ltr'>der</span> <span class='ocrx_word' id='word_1_222' title='bbox 158 1904 509 1947; x_wconf 73' lang='lat' dir='ltr'>untergegangenen</span> <span class='ocrx_word' id='word_1_223' title='bbox 538 1900 647 1935; x_wconf 78' lang='lat' dir='ltr'>Stadt</span> <span class='ocrx_word' id='word_1_224' title='bbox 673 1899 811 1935; x_wconf 91' lang='lat' dir='ltr'>Corioli</span> 
     </span>
     <span class='ocr_line' id='line_1_33' title="bbox 66 1947 811 1992; baseline -0.004 -8"><span class='ocrx_word' id='word_1_225' title='bbox 66 1961 150 1984; x_wconf 87' lang='lat' dir='ltr'>zum</span> <span class='ocrx_word' id='word_1_226' title='bbox 169 1948 462 1984; x_wconf 85' lang='lat' dir='ltr'>Schiedsrichter</span> <span class='ocrx_word' id='word_1_227' title='bbox 488 1959 709 1992; x_wconf 87' lang='lat' dir='ltr'>genommen</span> <span class='ocrx_word' id='word_1_228' title='bbox 734 1947 811 1982; x_wconf 89' lang='lat' dir='ltr'>und</span> 
     </span>
     <span class='ocr_line' id='line_1_34' title="bbox 68 1995 809 2041; baseline -0.005 -9"><span class='ocrx_word' id='word_1_229' title='bbox 68 1996 262 2032; x_wconf 73' lang='lat' dir='ltr'>entschied</span> <span class='ocrx_word' id='word_1_230' title='bbox 301 2006 422 2041; x_wconf 84' lang='lat' dir='ltr'>gegen</span> <span class='ocrx_word' id='word_1_231' title='bbox 460 1996 532 2030; x_wconf 87' lang='lat' dir='ltr'>den</span> <span class='ocrx_word' id='word_1_232' title='bbox 567 1995 707 2029; x_wconf 89' lang='lat' dir='ltr'>Willen</span> <span class='ocrx_word' id='word_1_233' title='bbox 745 1995 809 2029; x_wconf 86' lang='lat' dir='ltr'>des</span> 
     </span>
     <span class='ocr_line' id='line_1_35' title="bbox 66 2043 809 2088; baseline -0.004 -8"><span class='ocrx_word' id='word_1_234' title='bbox 66 2043 217 2088; x_wconf 84' lang='lat' dir='ltr'>Senats,</span> <span class='ocrx_word' id='word_1_235' title='bbox 250 2044 330 2079; x_wconf 86' lang='lat' dir='ltr'>dass</span> <span class='ocrx_word' id='word_1_236' title='bbox 363 2043 482 2078; x_wconf 88' lang='lat' dir='ltr'>dieses</span> <span class='ocrx_word' id='word_1_237' title='bbox 513 2043 603 2078; x_wconf 89' lang='lat' dir='ltr'>Feld</span> <span class='ocrx_word' id='word_1_238' title='bbox 636 2043 706 2077; x_wconf 90' lang='lat' dir='ltr'>den</span> <span class='ocrx_word' id='word_1_239' title='bbox 738 2043 809 2077; x_wconf 74' lang='lat' dir='ltr'>Ro-</span> 
     </span>
     <span class='ocr_line' id='line_1_36' title="bbox 66 2093 809 2137; baseline -0.003 -10"><span class='ocrx_word' id='word_1_240' title='bbox 66 2102 171 2127; x_wconf 89' lang='lat' dir='ltr'>mern</span> <span class='ocrx_word' id='word_1_241' title='bbox 196 2093 334 2137; x_wconf 83' lang='lat' dir='ltr'>geho&#39;re</span> <span class='ocrx_word' id='word_1_242' title='bbox 360 2095 408 2136; x_wconf 87' lang='lat'>(3,</span> <span class='ocrx_word' id='word_1_243' title='bbox 430 2094 594 2134; x_wconf 79' lang='lat'>71—72).</span> <span class='ocrx_word' id='word_1_244' title='bbox 639 2095 708 2125; x_wconf 90' lang='lat'>444</span> <span class='ocrx_word' id='word_1_245' title='bbox 730 2100 809 2125; x_wconf 82' lang='lat' dir='ltr'>ver-</span> 
     </span>
     <span class='ocr_line' id='line_1_37' title="bbox 66 2138 810 2185; baseline -0.003 -11"><span class='ocrx_word' id='word_1_246' title='bbox 66 2139 203 2185; x_wconf 83' lang='lat' dir='ltr'>sprach</span> <span class='ocrx_word' id='word_1_247' title='bbox 229 2139 292 2174; x_wconf 87' lang='lat' dir='ltr'>der</span> <span class='ocrx_word' id='word_1_248' title='bbox 318 2139 433 2174; x_wconf 84' lang='lat' dir='ltr'>Senat</span> <span class='ocrx_word' id='word_1_249' title='bbox 459 2140 559 2173; x_wconf 84' lang='lat' dir='ltr'>einer</span> <span class='ocrx_word' id='word_1_250' title='bbox 578 2138 810 2182; x_wconf 87' lang='lat' dir='ltr'>Abordnung</span> 
     </span>
     <span class='ocr_line' id='line_1_38' title="bbox 66 2185 810 2228; baseline -0.003 -7"><span class='ocrx_word' id='word_1_251' title='bbox 66 2186 133 2222; x_wconf 84' lang='lat' dir='ltr'>der</span> <span class='ocrx_word' id='word_1_252' title='bbox 163 2187 368 2228; x_wconf 69' lang='lat' dir='ltr'>Ardea‘cen,</span> <span class='ocrx_word' id='word_1_253' title='bbox 406 2186 467 2221; x_wconf 84' lang='lat' dir='ltr'>bei</span> <span class='ocrx_word' id='word_1_254' title='bbox 506 2185 585 2221; x_wconf 88' lang='lat' dir='ltr'>sich</span> <span class='ocrx_word' id='word_1_255' title='bbox 616 2186 810 2221; x_wconf 86' lang='lat' dir='ltr'>bietender</span> 
     </span>
     <span class='ocr_line' id='line_1_39' title="bbox 68 2233 811 2280; baseline -0.005 -10"><span class='ocrx_word' id='word_1_256' title='bbox 68 2233 315 2280; x_wconf 83' lang='lat' dir='ltr'>Gelegenheit</span> <span class='ocrx_word' id='word_1_257' title='bbox 340 2233 467 2269; x_wconf 80' lang='lat' dir='ltr'>diesen</span> <span class='ocrx_word' id='word_1_258' title='bbox 495 2233 708 2268; x_wconf 82' lang='lat' dir='ltr'>Gewaltakt</span> <span class='ocrx_word' id='word_1_259' title='bbox 742 2234 811 2276; x_wconf 85' lang='lat' dir='ltr'>gut</span> 
     </span>
     <span class='ocr_line' id='line_1_40' title="bbox 66 2281 809 2324; baseline -0.001 -8"><span class='ocrx_word' id='word_1_260' title='bbox 66 2293 110 2316; x_wconf 85' lang='lat' dir='ltr'>zu</span> <span class='ocrx_word' id='word_1_261' title='bbox 122 2281 292 2324; x_wconf 81' lang='lat' dir='ltr'>macheu,</span> <span class='ocrx_word' id='word_1_262' title='bbox 308 2281 385 2316; x_wconf 90' lang='lat' dir='ltr'>und</span> <span class='ocrx_word' id='word_1_263' title='bbox 399 2282 591 2316; x_wconf 85' lang='lat' dir='ltr'>erneuerte</span> <span class='ocrx_word' id='word_1_264' title='bbox 605 2281 672 2316; x_wconf 86' lang='lat' dir='ltr'>das</span> <span class='ocrx_word' id='word_1_265' title='bbox 688 2281 809 2315; x_wconf 75' lang='lat' dir='ltr'>Eund-</span> 
     </span>
     <span class='ocr_line' id='line_1_41' title="bbox 66 2327 809 2374; baseline -0.004 -10"><span class='ocrx_word' id='word_1_266' title='bbox 66 2329 123 2364; x_wconf 79' lang='lat' dir='ltr'>nis</span> <span class='ocrx_word' id='word_1_267' title='bbox 149 2329 220 2364; x_wconf 74' lang='lat' dir='ltr'>mit</span> <span class='ocrx_word' id='word_1_268' title='bbox 244 2329 356 2364; x_wconf 78' lang='lat' dir='ltr'>ihnen</span> <span class='ocrx_word' id='word_1_269' title='bbox 385 2331 431 2374; x_wconf 92' lang='lat'>(4,</span> <span class='ocrx_word' id='word_1_270' title='bbox 455 2333 485 2372; x_wconf 86' lang='grc'>7,</span> <span class='ocrx_word' id='word_1_271' title='bbox 509 2331 577 2372; x_wconf 78' lang='lat'>10).</span> <span class='ocrx_word' id='word_1_272' title='bbox 615 2327 669 2363; x_wconf 90' lang='lat' dir='ltr'>Im</span> <span class='ocrx_word' id='word_1_273' title='bbox 695 2327 809 2362; x_wconf 66' lang='lat' dir='ltr'>nach-</span> 
     </span>
     <span class='ocr_line' id='line_1_42' title="bbox 67 2376 811 2411; baseline -0.003 0"><span class='ocrx_word' id='word_1_274' title='bbox 67 2377 148 2411; x_wconf 84' lang='lat' dir='ltr'>sten</span> <span class='ocrx_word' id='word_1_275' title='bbox 179 2376 270 2411; x_wconf 86' lang='lat' dir='ltr'>Jahr</span> <span class='ocrx_word' id='word_1_276' title='bbox 302 2387 377 2411; x_wconf 87' lang='lat' dir='ltr'>war</span> <span class='ocrx_word' id='word_1_277' title='bbox 409 2376 445 2411; x_wconf 90' lang='lat' dir='ltr'>in</span> <span class='ocrx_word' id='word_1_278' title='bbox 478 2376 602 2411; x_wconf 84' lang='lat' dir='ltr'>Ardea</span> <span class='ocrx_word' id='word_1_279' title='bbox 633 2376 693 2410; x_wconf 89' lang='lat' dir='ltr'>ein</span> <span class='ocrx_word' id='word_1_280' title='bbox 719 2376 811 2410; x_wconf 87' lang='lat' dir='ltr'>Auf-</span> 
     </span>
     <span class='ocr_line' id='line_1_43' title="bbox 67 2422 810 2469; baseline -0.003 -11"><span class='ocrx_word' id='word_1_281' title='bbox 67 2423 156 2458; x_wconf 86' lang='lat' dir='ltr'>ruhr</span> <span class='ocrx_word' id='word_1_282' title='bbox 176 2425 242 2458; x_wconf 85' lang='lat' dir='ltr'>der</span> <span class='ocrx_word' id='word_1_283' title='bbox 262 2424 370 2459; x_wconf 86' lang='lat' dir='ltr'>Plebs</span> <span class='ocrx_word' id='word_1_284' title='bbox 390 2434 510 2469; x_wconf 72' lang='lat' dir='ltr'>gegen</span> <span class='ocrx_word' id='word_1_285' title='bbox 531 2424 590 2458; x_wconf 86' lang='lat' dir='ltr'>die</span> <span class='ocrx_word' id='word_1_286' title='bbox 611 2422 810 2464; x_wconf 66' lang='lat' dir='ltr'>Nobilitat,</span> 
     </span>
     <span class='ocr_line' id='line_1_44' title="bbox 67 2470 811 2507; baseline -0.003 -1"><span class='ocrx_word' id='word_1_287' title='bbox 67 2471 228 2506; x_wconf 84' lang='lat' dir='ltr'>welcher</span> <span class='ocrx_word' id='word_1_288' title='bbox 253 2472 368 2506; x_wconf 84' lang='lat' dir='ltr'>durch</span> <span class='ocrx_word' id='word_1_289' title='bbox 396 2472 454 2507; x_wconf 87' lang='lat' dir='ltr'>ein</span> <span class='ocrx_word' id='word_1_290' title='bbox 486 2470 688 2505; x_wconf 65' lang='lat' dir='ltr'>romisches</span> <span class='ocrx_word' id='word_1_291' title='bbox 714 2470 811 2505; x_wconf 83' lang='lat' dir='ltr'>Heer</span> 
     </span>
     <span class='ocr_line' id='line_1_45' title="bbox 69 2517 808 2564; baseline -0.001 -12"><span class='ocrx_word' id='word_1_292' title='bbox 69 2517 424 2564; x_wconf 79' lang='lat' dir='ltr'>niedergeschlagen</span> <span class='ocrx_word' id='word_1_293' title='bbox 455 2519 599 2561; x_wconf 78' lang='lat' dir='ltr'>wurde3</span> <span class='ocrx_word' id='word_1_294' title='bbox 634 2518 708 2552; x_wconf 91' lang='lat' dir='ltr'>und</span> <span class='ocrx_word' id='word_1_295' title='bbox 741 2520 808 2552; x_wconf 85' lang='lat'>442</span> 
     </span>
     <span class='ocr_line' id='line_1_46' title="bbox 68 2564 809 2608; baseline -0.003 -8"><span class='ocrx_word' id='word_1_296' title='bbox 68 2567 193 2601; x_wconf 83' lang='lat' dir='ltr'>wurde</span> <span class='ocrx_word' id='word_1_297' title='bbox 232 2568 340 2601; x_wconf 84' lang='lat' dir='ltr'>unter</span> <span class='ocrx_word' id='word_1_298' title='bbox 371 2567 454 2601; x_wconf 90' lang='lat' dir='ltr'>dem</span> <span class='ocrx_word' id='word_1_299' title='bbox 485 2565 689 2608; x_wconf 80' lang='lat' dir='ltr'>Vorwand‚</span> <span class='ocrx_word' id='word_1_300' title='bbox 729 2564 809 2598; x_wconf 66' lang='lat' dir='ltr'>dass</span> 
     </span>
     <span class='ocr_line' id='line_1_47' title="bbox 69 2611 811 2656; baseline -0.001 -9"><span class='ocrx_word' id='word_1_301' title='bbox 69 2611 108 2647; x_wconf 89' lang='lat' dir='ltr'>in</span> <span class='ocrx_word' id='word_1_302' title='bbox 143 2612 268 2649; x_wconf 85' lang='lat' dir='ltr'>Ardea</span> <span class='ocrx_word' id='word_1_303' title='bbox 311 2614 392 2649; x_wconf 86' lang='lat' dir='ltr'>eine</span> <span class='ocrx_word' id='word_1_304' title='bbox 431 2612 587 2649; x_wconf 86' lang='lat' dir='ltr'>Kolonie</span> <span class='ocrx_word' id='word_1_305' title='bbox 634 2612 811 2656; x_wconf 80' lang='lat' dir='ltr'>angelegt</span> 
     </span>
     <span class='ocr_line' id='line_1_48' title="bbox 69 2659 808 2705; baseline -0.001 -11"><span class='ocrx_word' id='word_1_306' title='bbox 69 2662 217 2696; x_wconf 82' lang='lat' dir='ltr'>werden</span> <span class='ocrx_word' id='word_1_307' title='bbox 244 2661 348 2705; x_wconf 84' lang='lat' dir='ltr'>solle‚</span> <span class='ocrx_word' id='word_1_308' title='bbox 375 2661 441 2696; x_wconf 86' lang='lat' dir='ltr'>das</span> <span class='ocrx_word' id='word_1_309' title='bbox 462 2660 553 2695; x_wconf 88' lang='lat' dir='ltr'>Feld</span> <span class='ocrx_word' id='word_1_310' title='bbox 581 2672 651 2695; x_wconf 90' lang='lat' dir='ltr'>von</span> <span class='ocrx_word' id='word_1_311' title='bbox 671 2659 808 2694; x_wconf 88' lang='lat' dir='ltr'>Corioli</span> 
     </span>
     <span class='ocr_line' id='line_1_49' title="bbox 70 2707 811 2753; baseline -0.003 -11"><span class='ocrx_word' id='word_1_312' title='bbox 70 2707 302 2752; x_wconf 64' lang='lat' dir='ltr'>grossenteils</span> <span class='ocrx_word' id='word_1_313' title='bbox 351 2720 396 2744; x_wconf 89' lang='lat' dir='ltr'>an</span> <span class='ocrx_word' id='word_1_314' title='bbox 442 2708 811 2753; x_wconf 72' lang='lat' dir='ltr'>Stammesgenossen</span> 
     </span>
     <span class='ocr_line' id='line_1_50' title="bbox 67 2753 812 2844; baseline 0 -55"><span class='ocrx_word' id='word_1_315' title='bbox 67 2753 135 2844; x_wconf 50' lang='lat' dir='ltr'>{ier</span> <span class='ocrx_word' id='word_1_316' title='bbox 160 2757 358 2800; x_wconf 81' lang='lat' dir='ltr'>Ardeaten,</span> <span class='ocrx_word' id='word_1_317' title='bbox 385 2767 433 2791; x_wconf 85' lang='lat' dir='ltr'>an</span> <span class='ocrx_word' id='word_1_318' title='bbox 459 2755 625 2800; x_wconf 81' lang='lat' dir='ltr'>Rutuler,</span> <span class='ocrx_word' id='word_1_319' title='bbox 660 2754 812 2790; x_wconf 83' lang='lat' dir='ltr'>verteilt</span> 
     </span>
     <span class='ocr_line' id='line_1_51' title="bbox 66 2804 271 2847; baseline 0.01 -11"><span class='ocrx_word' id='word_1_320' title='bbox 66 2804 117 2844; x_wconf 78' lang='lat'>4,</span> <span class='ocrx_word' id='word_1_321' title='bbox 145 2806 199 2847; x_wconf 88' lang='lat'>11,</span> <span class='ocrx_word' id='word_1_322' title='bbox 224 2805 271 2847; x_wconf 88' lang='lat'>4).</span> 
     </span>
    </p>

    <p class='ocr_par' dir='ltr' id='par_1_13' title="bbox 70 2848 810 2934">
     <span class='ocr_line' id='line_1_52' title="bbox 117 2848 810 2897; baseline 0.001 -14"><span class='ocrx_word' id='word_1_323' title='bbox 117 2850 273 2897; x_wconf 78' lang='lat' dir='ltr'>quanta]</span> <span class='ocrx_word' id='word_1_324' title='bbox 293 2849 627 2886; x_wconf 77' lang='lat' dir='ltr'>nachdrucklicher</span> <span class='ocrx_word' id='word_1_325' title='bbox 641 2848 694 2884; x_wconf 84' lang='lat' dir='ltr'>als</span> <span class='ocrx_word' id='word_1_326' title='bbox 708 2860 810 2894; x_wconf 82' lang='lat' dir='ltr'>quae,</span> 
     </span>
     <span class='ocr_line' id='line_1_53' title="bbox 70 2893 453 2934; baseline 0.013 -5"><span class='ocrx_word' id='word_1_327' title='bbox 70 2893 135 2930; x_wconf 78' lang='lat' dir='ltr'>‘an</span> <span class='ocrx_word' id='word_1_328' title='bbox 160 2896 272 2932; x_wconf 89' lang='lat' dir='ltr'>deren</span> <span class='ocrx_word' id='word_1_329' title='bbox 298 2897 453 2934; x_wconf 67' lang='lat' dir='ltr'>Grorse’.</span> 
     </span>
    </p>
   </div>
   <div class='ocr_carea' id='block_1_12' title="bbox 141 2961 305 2988">
    <p class='ocr_par' dir='ltr' id='par_1_14' title="bbox 141 2961 305 2988">
     <span class='ocr_line' id='line_1_54' title="bbox 141 2961 305 2988; baseline 0.018 -3"><span class='ocrx_word' id='word_1_330' title='bbox 141 2961 206 2987; x_wconf 81' lang='lat' dir='ltr'>Liv.</span> <span class='ocrx_word' id='word_1_331' title='bbox 226 2962 260 2988; x_wconf 89' lang='lat' dir='ltr'>B.</span> <span class='ocrx_word' id='word_1_332' title='bbox 280 2962 305 2988; x_wconf 90' lang='lat'>5.</span> 
     </span>
    </p>
   </div>
   <div class='ocr_carea' id='block_1_13' title="bbox 1091 1367 1629 1481">
    <p class='ocr_par' dir='ltr' id='par_1_15' title="bbox 1091 1367 1629 1481">
     <span class='ocr_line' id='line_1_55' title="bbox 1091 1367 1628 1409; baseline 0 -1"><span class='ocrx_word' id='word_1_333' title='bbox 1091 1368 1289 1409; x_wconf 88' lang='lat' dir='ltr'>contione</span> <span class='ocrx_word' id='word_1_334' title='bbox 1327 1367 1506 1408; x_wconf 89' lang='lat' dir='ltr'>dimissa</span> <span class='ocrx_word' id='word_1_335' title='bbox 1538 1381 1628 1409; x_wconf 90' lang='lat' dir='ltr'>cor-</span> 
     </span>
     <span class='ocr_line' id='line_1_56' title="bbox 1407 1426 1629 1481; baseline 0 -13"><span class='ocrx_word' id='word_1_336' title='bbox 1407 1441 1489 1481; x_wconf 90' lang='lat' dir='ltr'>quo</span> <span class='ocrx_word' id='word_1_337' title='bbox 1528 1426 1629 1468; x_wconf 87' lang='lat' dir='ltr'>dato</span> 
     </span>
    </p>
   </div>
   <div class='ocr_carea' id='block_1_14' title="bbox 882 1566 1630 1991">
    <p class='ocr_par' dir='ltr' id='par_1_16' title="bbox 884 1566 1630 1650">
     <span class='ocr_line' id='line_1_57' title="bbox 930 1566 1630 1613; baseline -0.001 -11"><span class='ocrx_word' id='word_1_338' title='bbox 930 1578 995 1602; x_wconf 76' lang='lat' dir='ltr'>nec</span> <span class='ocrx_word' id='word_1_339' title='bbox 1007 1568 1118 1613; x_wconf 77' lang='lat' dir='ltr'>enim]</span> <span class='ocrx_word' id='word_1_340' title='bbox 1147 1584 1190 1597; x_wconf 91' lang='lat'><strong><em>=</em></strong></span> <span class='ocrx_word' id='word_1_341' title='bbox 1210 1578 1322 1613; x_wconf 72' lang='lat' dir='ltr'>neque</span> <span class='ocrx_word' id='word_1_342' title='bbox 1335 1568 1441 1610; x_wconf 74' lang='lat' dir='ltr'>enim,</span> <span class='ocrx_word' id='word_1_343' title='bbox 1460 1566 1630 1603; x_wconf 78' lang='lat' dir='ltr'>fiblicher</span> 
     </span>
     <span class='ocr_line' id='line_1_58' title="bbox 884 1614 1168 1650; baseline 0.004 -1"><span class='ocrx_word' id='word_1_344' title='bbox 884 1614 939 1649; x_wconf 89' lang='lat' dir='ltr'>als</span> <span class='ocrx_word' id='word_1_345' title='bbox 965 1625 1040 1649; x_wconf 76' lang='lat' dir='ltr'>non</span> <span class='ocrx_word' id='word_1_346' title='bbox 1065 1616 1168 1650; x_wconf 78' lang='lat' dir='ltr'>enim.</span> 
     </span>
    </p>

    <p class='ocr_par' dir='ltr' id='par_1_17' title="bbox 882 1661 1630 1991">
     <span class='ocr_line' id='line_1_59' title="bbox 932 1661 1629 1709; baseline 0.001 -13"><span class='ocrx_word' id='word_1_347' title='bbox 932 1666 964 1697; x_wconf 89' lang='lat'>4.</span> <span class='ocrx_word' id='word_1_348' title='bbox 1003 1662 1153 1709; x_wconf 71' lang='lat' dir='ltr'>magma]</span> <span class='ocrx_word' id='word_1_349' title='bbox 1193 1662 1259 1697; x_wconf 82' lang='lat' dir='ltr'>auf</span> <span class='ocrx_word' id='word_1_350' title='bbox 1286 1673 1440 1707; x_wconf 76' lang='lat' dir='ltr'>corpora</span> <span class='ocrx_word' id='word_1_351' title='bbox 1471 1661 1527 1697; x_wconf 82' lang='lat' dir='ltr'>als</span> <span class='ocrx_word' id='word_1_352' title='bbox 1555 1663 1629 1697; x_wconf 85' lang='lat' dir='ltr'>den</span> 
     </span>
     <span class='ocr_line' id='line_1_60' title="bbox 886 1710 1628 1755; baseline 0.001 -11"><span class='ocrx_word' id='word_1_353' title='bbox 886 1710 1149 1755; x_wconf 83' lang='lat' dir='ltr'>Hauptbegriff</span> <span class='ocrx_word' id='word_1_354' title='bbox 1171 1710 1336 1755; x_wconf 88' lang='lat' dir='ltr'>bezogen</span> <span class='ocrx_word' id='word_1_355' title='bbox 1363 1710 1451 1755; x_wconf 87' lang='lat' dir='ltr'>(vgl.</span> <span class='ocrx_word' id='word_1_356' title='bbox 1472 1714 1528 1752; x_wconf 87' lang='lat'>24,</span> <span class='ocrx_word' id='word_1_357' title='bbox 1550 1713 1582 1753; x_wconf 87' lang='lat'>2,</span> <span class='ocrx_word' id='word_1_358' title='bbox 1608 1714 1628 1745; x_wconf 91' lang='lat'><strong>3</strong></span> 
     </span>
     <span class='ocr_line' id='line_1_61' title="bbox 885 1758 1629 1802; baseline 0 -10"><span class='ocrx_word' id='word_1_359' title='bbox 885 1758 1009 1792; x_wconf 77' lang='lat' dir='ltr'>urbem</span> <span class='ocrx_word' id='word_1_360' title='bbox 1023 1768 1066 1792; x_wconf 82' lang='lat' dir='ltr'>ac</span> <span class='ocrx_word' id='word_1_361' title='bbox 1076 1762 1223 1802; x_wconf 80' lang='lat' dir='ltr'>portum</span> <span class='ocrx_word' id='word_1_362' title='bbox 1243 1758 1429 1793; x_wconf 76' lang='lat' dir='ltr'>moenibus</span> <span class='ocrx_word' id='word_1_363' title='bbox 1440 1758 1629 1802; x_wconf 80' lang='lat' dir='ltr'>validam),</span> 
     </span>
     <span class='ocr_line' id='line_1_62' title="bbox 886 1804 1630 1850; baseline 0.001 -12"><span class='ocrx_word' id='word_1_364' title='bbox 886 1804 1062 1850; x_wconf 73' lang='lat' dir='ltr'>iibrigens</span> <span class='ocrx_word' id='word_1_365' title='bbox 1090 1804 1444 1840; x_wconf 76' lang='lat' dir='ltr'>ubereinstimmend</span> <span class='ocrx_word' id='word_1_366' title='bbox 1469 1805 1539 1839; x_wconf 80' lang='lat' dir='ltr'>mit</span> <span class='ocrx_word' id='word_1_367' title='bbox 1565 1805 1630 1840; x_wconf 87' lang='lat' dir='ltr'>der</span> 
     </span>
     <span class='ocr_line' id='line_1_63' title="bbox 883 1852 1629 1897; baseline 0 -10"><span class='ocrx_word' id='word_1_368' title='bbox 883 1852 1012 1897; x_wconf 79' lang='lat' dir='ltr'>Regel.</span> <span class='ocrx_word' id='word_1_369' title='bbox 1040 1852 1118 1887; x_wconf 87' lang='lat' dir='ltr'>dass</span> <span class='ocrx_word' id='word_1_370' title='bbox 1143 1852 1206 1886; x_wconf 90' lang='lat' dir='ltr'>bei</span> <span class='ocrx_word' id='word_1_371' title='bbox 1227 1853 1370 1888; x_wconf 86' lang='lat' dir='ltr'>Sachen</span> <span class='ocrx_word' id='word_1_372' title='bbox 1396 1852 1629 1887; x_wconf 86' lang='lat' dir='ltr'>verschiede-</span> 
     </span>
     <span class='ocr_line' id='line_1_64' title="bbox 882 1899 1628 1944; baseline 0.001 -11"><span class='ocrx_word' id='word_1_373' title='bbox 882 1910 956 1935; x_wconf 88' lang='lat' dir='ltr'>nen</span> <span class='ocrx_word' id='word_1_374' title='bbox 994 1899 1236 1935; x_wconf 86' lang='lat' dir='ltr'>Geschlechts</span> <span class='ocrx_word' id='word_1_375' title='bbox 1275 1899 1336 1934; x_wconf 91' lang='lat' dir='ltr'>ein</span> <span class='ocrx_word' id='word_1_376' title='bbox 1372 1900 1628 1944; x_wconf 76' lang='lat' dir='ltr'>pr&#39;aclikatives</span> 
     </span>
     <span class='ocr_line' id='line_1_65' title="bbox 883 1946 1488 1991; baseline 0.002 -10"><span class='ocrx_word' id='word_1_377' title='bbox 883 1946 1063 1991; x_wconf 84' lang='lat' dir='ltr'>Adjektiv</span> <span class='ocrx_word' id='word_1_378' title='bbox 1088 1947 1146 1982; x_wconf 84' lang='lat' dir='ltr'>ins</span> <span class='ocrx_word' id='word_1_379' title='bbox 1170 1947 1352 1982; x_wconf 83' lang='lat' dir='ltr'>Neutrum</span> <span class='ocrx_word' id='word_1_380' title='bbox 1380 1949 1488 1982; x_wconf 82' lang='lat' dir='ltr'>trete.</span> 
     </span>
    </p>
   </div>
   <div class='ocr_carea' id='block_1_15' title="bbox 881 2006 1630 2196">
    <p class='ocr_par' dir='ltr' id='par_1_18' title="bbox 881 2006 1630 2196">
     <span class='ocr_line' id='line_1_66' title="bbox 933 2006 1629 2053; baseline 0.001 -12"><span class='ocrx_word' id='word_1_381' title='bbox 933 2010 964 2041; x_wconf 82' lang='lat'>6.</span> <span class='ocrx_word' id='word_1_382' title='bbox 1001 2007 1100 2042; x_wconf 79' lang='lat' dir='ltr'>rivos</span> <span class='ocrx_word' id='word_1_383' title='bbox 1137 2007 1333 2053; x_wconf 75' lang='lat' dir='ltr'>aquarum]</span> <span class='ocrx_word' id='word_1_384' title='bbox 1377 2006 1629 2051; x_wconf 78' lang='lat' dir='ltr'>Pleonasmus‚</span> 
     </span>
     <span class='ocr_line' id='line_1_67' title="bbox 887 2053 1630 2109; baseline 0.003 -21"><span class='ocrx_word' id='word_1_385' title='bbox 887 2053 1203 2109; x_wconf 60' lang='lat' dir='ltr'>‘Wasserbiiche’.</span> <span class='ocrx_word' id='word_1_386' title='bbox 1253 2055 1359 2089; x_wconf 88' lang='lat' dir='ltr'>Lucr.</span> <span class='ocrx_word' id='word_1_387' title='bbox 1382 2058 1414 2098; x_wconf 89' lang='lat'>2,</span> <span class='ocrx_word' id='word_1_388' title='bbox 1440 2059 1486 2090; x_wconf 87' lang='lat'>30</span> <span class='ocrx_word' id='word_1_389' title='bbox 1512 2066 1630 2100; x_wconf 80' lang='lat' dir='ltr'>aquae</span> 
     </span>
     <span class='ocr_line' id='line_1_68' title="bbox 881 2113 1627 2196; baseline 0.003 -12"><span class='ocrx_word' id='word_1_390' title='bbox 881 2113 1162 2185; x_wconf 47' lang='lat' dir='ltr'>nvcibbmsecundis</span> <span class='ocrx_word' id='word_1_391' title='bbox 1180 2150 1301 2196; x_wconf 76' lang='lat' dir='ltr'>rebus]</span> <span class='ocrx_word' id='word_1_392' title='bbox 1331 2149 1414 2195; x_wconf 88' lang='lat' dir='ltr'>Vgl.</span> <span class='ocrx_word' id='word_1_393' title='bbox 1435 2149 1529 2195; x_wconf 88' lang='lat' dir='ltr'>Kap.</span> <span class='ocrx_word' id='word_1_394' title='bbox 1545 2152 1578 2194; x_wconf 87' lang='lat'>5,</span> <span class='ocrx_word' id='word_1_395' title='bbox 1595 2154 1627 2186; x_wconf 88' lang='lat'>3.</span> 
     </span>
    </p>
   </div>
   <div class='ocr_carea' id='block_1_16' title="bbox 933 2208 1624 2255">
    <p class='ocr_par' dir='ltr' id='par_1_19' title="bbox 933 2208 1624 2255">
     <span class='ocr_line' id='line_1_69' title="bbox 933 2208 1624 2255; baseline 0.001 -12"><span class='ocrx_word' id='word_1_396' title='bbox 933 2213 962 2243; x_wconf 82' lang='lat'>7.</span> <span class='ocrx_word' id='word_1_397' title='bbox 992 2208 1153 2244; x_wconf 77' lang='lat' dir='ltr'>Galliam</span> <span class='ocrx_word' id='word_1_398' title='bbox 1177 2209 1274 2255; x_wconf 69' lang='lat' dir='ltr'>fieri]</span> <span class='ocrx_word' id='word_1_399' title='bbox 1303 2208 1382 2243; x_wconf 83' lang='lat' dir='ltr'>dass</span> <span class='ocrx_word' id='word_1_400' title='bbox 1408 2209 1500 2244; x_wconf 84' lang='lat' dir='ltr'>alles</span> <span class='ocrx_word' id='word_1_401' title='bbox 1519 2208 1624 2244; x_wconf 86' lang='lat' dir='ltr'>Laud</span> 
     </span>
    </p>
   </div>
   <div class='ocr_carea' id='block_1_17' title="bbox 883 2255 1628 2443">
    <p class='ocr_par' dir='ltr' id='par_1_20' title="bbox 883 2255 1628 2340">
     <span class='ocr_line' id='line_1_70' title="bbox 884 2255 1628 2302; baseline 0.004 -12"><span class='ocrx_word' id='word_1_402' title='bbox 884 2257 1013 2291; x_wconf 84' lang='lat' dir='ltr'>umber</span> <span class='ocrx_word' id='word_1_403' title='bbox 1059 2257 1124 2291; x_wconf 69' lang='lat' dir='ltr'>‘zu</span> <span class='ocrx_word' id='word_1_404' title='bbox 1169 2255 1210 2291; x_wconf 90' lang='lat' dir='ltr'>G.</span> <span class='ocrx_word' id='word_1_405' title='bbox 1256 2257 1416 2302; x_wconf 71' lang='lat' dir='ltr'>gehore,</span> <span class='ocrx_word' id='word_1_406' title='bbox 1467 2256 1628 2302; x_wconf 85' lang='lat' dir='ltr'>gallisch</span> 
     </span>
     <span class='ocr_line' id='line_1_71' title="bbox 883 2304 1034 2340; baseline 0.013 -2"><span class='ocrx_word' id='word_1_407' title='bbox 883 2304 1034 2340; x_wconf 86' lang='lat' dir='ltr'>werde&#39;.</span> 
     </span>
    </p>

    <p class='ocr_par' dir='ltr' id='par_1_21' title="bbox 884 2350 1627 2443">
     <span class='ocr_line' id='line_1_72' title="bbox 930 2350 1626 2397; baseline 0.001 -11"><span class='ocrx_word' id='word_1_408' title='bbox 930 2352 1068 2386; x_wconf 75' lang='lat' dir='ltr'>vinctos</span> <span class='ocrx_word' id='word_1_409' title='bbox 1092 2351 1231 2397; x_wconf 72' lang='lat' dir='ltr'>somno]</span> <span class='ocrx_word' id='word_1_410' title='bbox 1259 2350 1369 2386; x_wconf 75' lang='lat' dir='ltr'>Diese</span> <span class='ocrx_word' id='word_1_411' title='bbox 1395 2351 1534 2386; x_wconf 76' lang='lat' dir='ltr'>Phi-ase</span> <span class='ocrx_word' id='word_1_412' title='bbox 1560 2352 1626 2387; x_wconf 89' lang='lat' dir='ltr'>fin-</span> 
     </span>
     <span class='ocr_line' id='line_1_73' title="bbox 884 2398 1627 2443; baseline 0.001 -11"><span class='ocrx_word' id='word_1_413' title='bbox 884 2398 947 2434; x_wconf 87' lang='lat' dir='ltr'>det</span> <span class='ocrx_word' id='word_1_414' title='bbox 984 2399 1062 2434; x_wconf 86' lang='lat' dir='ltr'>sich</span> <span class='ocrx_word' id='word_1_415' title='bbox 1097 2398 1191 2434; x_wconf 88' lang='lat' dir='ltr'>auch</span> <span class='ocrx_word' id='word_1_416' title='bbox 1223 2399 1299 2434; x_wconf 81' lang='lat' dir='ltr'>Liv.</span> <span class='ocrx_word' id='word_1_417' title='bbox 1328 2403 1365 2442; x_wconf 90' lang='lat'>9,</span> <span class='ocrx_word' id='word_1_418' title='bbox 1393 2403 1454 2443; x_wconf 89' lang='lat'>30,</span> <span class='ocrx_word' id='word_1_419' title='bbox 1493 2403 1512 2434; x_wconf 87' lang='lat'>9</span> <span class='ocrx_word' id='word_1_420' title='bbox 1551 2399 1627 2434; x_wconf 86' lang='lat' dir='ltr'>und</span> 
     </span>
    </p>
   </div>
   <div class='ocr_carea' id='block_1_18' title="bbox 884 2446 1255 2489">
    <p class='ocr_par' dir='ltr' id='par_1_22' title="bbox 884 2446 1255 2489">
     <span class='ocr_line' id='line_1_74' title="bbox 884 2446 1255 2489; baseline 0.003 -8"><span class='ocrx_word' id='word_1_421' title='bbox 884 2446 949 2481; x_wconf 88' lang='lat' dir='ltr'>Ov.</span> <span class='ocrx_word' id='word_1_422' title='bbox 977 2447 1064 2481; x_wconf 87' lang='lat' dir='ltr'>Met.</span> <span class='ocrx_word' id='word_1_423' title='bbox 1094 2451 1148 2489; x_wconf 89' lang='grc'>11,</span> <span class='ocrx_word' id='word_1_424' title='bbox 1175 2450 1255 2482; x_wconf 89' lang='grc'>238.</span> 
     </span>
    </p>
   </div>
   <div class='ocr_carea' id='block_1_19' title="bbox 882 2516 1627 2940">
    <p class='ocr_par' dir='ltr' id='par_1_23' title="bbox 882 2516 1627 2798">
     <span class='ocr_line' id='line_1_75' title="bbox 930 2516 1626 2564; baseline 0.001 -13"><span class='ocrx_word' id='word_1_425' title='bbox 930 2516 994 2552; x_wconf 83' lang='grc'>45.</span> <span class='ocrx_word' id='word_1_426' title='bbox 1023 2521 1052 2552; x_wconf 94' lang='grc'>1.</span> <span class='ocrx_word' id='word_1_427' title='bbox 1080 2518 1203 2562; x_wconf 78' lang='lat' dir='ltr'>aequis</span> <span class='ocrx_word' id='word_1_428' title='bbox 1227 2518 1450 2564; x_wconf 76' lang='lat' dir='ltr'>iniquisque]</span> <span class='ocrx_word' id='word_1_429' title='bbox 1480 2517 1626 2552; x_wconf 81' lang='lat' dir='ltr'>‘Wohl-</span> 
     </span>
     <span class='ocr_line' id='line_1_76' title="bbox 882 2555 1625 2609; baseline 0.004 -11"><span class='ocrx_word' id='word_1_430' title='bbox 882 2564 958 2599; x_wconf 89' lang='lat' dir='ltr'>und</span> <span class='ocrx_word' id='word_1_431' title='bbox 995 2555 1289 2609; x_wconf 74' lang='lat' dir='ltr'>Ubelgesinnte’.</span> <span class='ocrx_word' id='word_1_432' title='bbox 1341 2565 1415 2600; x_wconf 87' lang='lat' dir='ltr'>Cic.</span> <span class='ocrx_word' id='word_1_433' title='bbox 1452 2565 1498 2598; x_wconf 90' lang='lat' dir='ltr'>ad</span> <span class='ocrx_word' id='word_1_434' title='bbox 1537 2565 1625 2601; x_wconf 88' lang='lat' dir='ltr'>fam.</span> 
     </span>
     <span class='ocr_line' id='line_1_77' title="bbox 883 2613 1625 2656; baseline 0 -10"><span class='ocrx_word' id='word_1_435' title='bbox 883 2616 915 2655; x_wconf 91' lang='lat'>3,</span> <span class='ocrx_word' id='word_1_436' title='bbox 943 2617 975 2656; x_wconf 89' lang='grc'>6,</span> <span class='ocrx_word' id='word_1_437' title='bbox 996 2616 1016 2646; x_wconf 89' lang='grc'><strong>6</strong></span> <span class='ocrx_word' id='word_1_438' title='bbox 1043 2623 1104 2656; x_wconf 75' lang='lat' dir='ltr'>egyo</span> <span class='ocrx_word' id='word_1_439' title='bbox 1129 2616 1169 2646; x_wconf 77' lang='lat' dir='ltr'>ut</span> <span class='ocrx_word' id='word_1_440' title='bbox 1193 2623 1246 2646; x_wconf 76' lang='lat' dir='ltr'>me</span> <span class='ocrx_word' id='word_1_441' title='bbox 1271 2613 1339 2646; x_wconf 73' lang='lat' dir='ltr'>tibi</span> <span class='ocrx_word' id='word_1_442' title='bbox 1365 2613 1625 2647; x_wconf 81' lang='lat' dir='ltr'>amicissimum</span> 
     </span>
     <span class='ocr_line' id='line_1_78' title="bbox 882 2660 1627 2704; baseline 0 -10"><span class='ocrx_word' id='word_1_443' title='bbox 882 2670 954 2694; x_wconf 83' lang='lat' dir='ltr'>esse</span> <span class='ocrx_word' id='word_1_444' title='bbox 985 2663 1017 2694; x_wconf 81' lang='lat' dir='ltr'>et</span> <span class='ocrx_word' id='word_1_445' title='bbox 1055 2660 1160 2704; x_wconf 79' lang='lat' dir='ltr'>aequi</span> <span class='ocrx_word' id='word_1_446' title='bbox 1194 2663 1226 2694; x_wconf 84' lang='lat' dir='ltr'>et</span> <span class='ocrx_word' id='word_1_447' title='bbox 1259 2661 1382 2703; x_wconf 74' lang='lat' dir='ltr'>iniqui</span> <span class='ocrx_word' id='word_1_448' title='bbox 1414 2660 1627 2704; x_wconf 72' lang='lat' dir='ltr'>intelleyant</span> 
     </span>
     <span class='ocr_line' id='line_1_79' title="bbox 883 2707 1627 2751; baseline -0.001 -10"><span class='ocrx_word' id='word_1_449' title='bbox 883 2707 1034 2749; x_wconf 69' lang='lat' dir='ltr'>curabo,</span> <span class='ocrx_word' id='word_1_450' title='bbox 1070 2707 1146 2740; x_wconf 88' lang='lat' dir='ltr'>Liv.</span> <span class='ocrx_word' id='word_1_451' title='bbox 1173 2710 1230 2749; x_wconf 87' lang='grc'>22,</span> <span class='ocrx_word' id='word_1_452' title='bbox 1256 2710 1312 2749; x_wconf 82' lang='grc'>26,</span> <span class='ocrx_word' id='word_1_453' title='bbox 1340 2711 1359 2740; x_wconf 89' lang='grc'>5</span> <span class='ocrx_word' id='word_1_454' title='bbox 1387 2717 1496 2750; x_wconf 80' lang='lat' dir='ltr'>aeque</span> <span class='ocrx_word' id='word_1_455' title='bbox 1521 2710 1627 2751; x_wconf 79' lang='lat' dir='ltr'>atque</span> 
     </span>
     <span class='ocr_line' id='line_1_80' title="bbox 882 2755 1012 2798; baseline -0.008 -9"><span class='ocrx_word' id='word_1_456' title='bbox 882 2755 1012 2798; x_wconf 79' lang='lat' dir='ltr'>iniqui.</span> 
     </span>
    </p>

    <p class='ocr_par' dir='ltr' id='par_1_24' title="bbox 930 2799 1624 2846">
     <span class='ocr_line' id='line_1_81' title="bbox 930 2799 1624 2846; baseline 0 -10"><span class='ocrx_word' id='word_1_457' title='bbox 930 2811 1081 2846; x_wconf 79' lang='lat' dir='ltr'>corpora</span> <span class='ocrx_word' id='word_1_458' title='bbox 1103 2800 1250 2846; x_wconf 72' lang='lat' dir='ltr'>curant]</span> <span class='ocrx_word' id='word_1_459' title='bbox 1289 2800 1372 2843; x_wconf 73' lang='lat' dir='ltr'>Vgl.</span> <span class='ocrx_word' id='word_1_460' title='bbox 1387 2799 1479 2846; x_wconf 88' lang='lat' dir='ltr'>Kap.</span> <span class='ocrx_word' id='word_1_461' title='bbox 1496 2803 1552 2844; x_wconf 85' lang='lat'>28,</span> <span class='ocrx_word' id='word_1_462' title='bbox 1570 2805 1624 2836; x_wconf 92' lang='grc'>10.</span> 
     </span>
    </p>

    <p class='ocr_par' dir='ltr' id='par_1_25' title="bbox 884 2847 1627 2940">
     <span class='ocr_line' id='line_1_82' title="bbox 930 2847 1627 2894; baseline 0.001 -12"><span class='ocrx_word' id='word_1_463' title='bbox 930 2860 1037 2894; x_wconf 82' lang='lat' dir='ltr'>quam</span> <span class='ocrx_word' id='word_1_464' title='bbox 1063 2848 1160 2893; x_wconf 73' lang='lat' dir='ltr'>mom]</span> <span class='ocrx_word' id='word_1_465' title='bbox 1202 2847 1265 2883; x_wconf 85' lang='lat' dir='ltr'>‘ob</span> <span class='ocrx_word' id='word_1_466' title='bbox 1297 2847 1403 2882; x_wconf 85' lang='lat' dir='ltr'>nicht</span> <span class='ocrx_word' id='word_1_467' title='bbox 1433 2847 1552 2883; x_wconf 83' lang='lat' dir='ltr'>bald’.</span> <span class='ocrx_word' id='word_1_468' title='bbox 1591 2853 1627 2893; x_wconf 90' lang='lat'>3,</span> 
     </span>
     <span class='ocr_line' id='line_1_83' title="bbox 884 2894 1624 2940; baseline 0 -9"><span class='ocrx_word' id='word_1_469' title='bbox 884 2899 940 2940; x_wconf 85' lang='grc'>37,</span> <span class='ocrx_word' id='word_1_470' title='bbox 961 2899 998 2937; x_wconf 88' lang='lat'>5;</span> <span class='ocrx_word' id='word_1_471' title='bbox 1025 2899 1081 2939; x_wconf 88' lang='lat'>34,</span> <span class='ocrx_word' id='word_1_472' title='bbox 1105 2899 1158 2938; x_wconf 88' lang='grc'>11,</span> <span class='ocrx_word' id='word_1_473' title='bbox 1179 2899 1211 2930; x_wconf 90' lang='lat'>4.</span> <span class='ocrx_word' id='word_1_474' title='bbox 1247 2895 1320 2930; x_wconf 84' lang='lat' dir='ltr'>Cic.</span> <span class='ocrx_word' id='word_1_475' title='bbox 1342 2894 1449 2932; x_wconf 84' lang='lat' dir='ltr'>Rosc.</span> <span class='ocrx_word' id='word_1_476' title='bbox 1471 2895 1569 2932; x_wconf 90' lang='lat' dir='ltr'>Com.</span> <span class='ocrx_word' id='word_1_477' title='bbox 1594 2900 1624 2931; x_wconf 88' lang='lat'>1.</span> 
     </span>
    </p>
   </div>
   <div class='ocr_carea' id='block_1_20' title="bbox 1320 2958 1341 2989">
    <p class='ocr_par' dir='ltr' id='par_1_26' title="bbox 1320 2958 1341 2989">
     <span class='ocr_line' id='line_1_84' title="bbox 1320 2958 1341 2989; baseline 0 0"><span class='ocrx_word' id='word_1_478' title='bbox 1320 2958 1341 2989; x_wconf 81' lang='lat'><strong>6</strong></span> 
     </span>
    </p>
   </div>
   <div class='ocr_carea' id='block_1_21' title="bbox 1525 426 1678 472">
    <p class='ocr_par' dir='ltr' id='par_1_27' title="bbox 1525 426 1678 472">
     <span class='ocr_line' id='line_1_85' title="bbox 1525 426 1678 472; baseline -0.007 -14"><span class='ocrx_word' id='word_1_479' title='bbox 1525 430 1628 472; x_wconf 85' lang='lat' dir='ltr'>gens</span> <span class='ocrx_word' id='word_1_480' title='bbox 1657 426 1678 457; x_wconf 89' lang='lat'>4</span> 
     </span>
    </p>
   </div>
  </div>
 </body>
</html>
