1794 3084
42 120 259 148 a.Ch.n.37¹1.
597 110 743 145 LIBER
770 109 831 144 VI.
877 108 978 144 CAP.
1008 113 1063 145 33.

1554 107 1610 149 69

43 218 196 261 cundia
228 218 354 260 deum
388 219 576 260 arcuisse
609 218 783 271 dicitur,
828 217 901 258 sed
935 231 1016 258 vox
1048 216 1264 258 horrenda
1304 216 1418 257 edita
1450 217 1611 271 templo

43 293 138 320 cum
169 277 367 319 tristibus
401 277 548 330 minis,
592 278 639 318 ni
680 276 891 318 nefandos
931 277 1051 331 ignes
1092 276 1239 330 procul
1272 275 1461 317 delubris
1496 290 1612 317 amo-

42 338 216 379 vissent.

161 395 366 437 Incensos
401 409 450 435 ea
483 395 601 436 rabie
634 395 819 449 impetus
853 394 1084 435 Tusculum
1117 395 1218 435 tulit
1250 394 1304 435 ob
1338 393 1467 447 iram,
1500 393 1613 448 quod

44 455 211 497 deserto
244 454 463 496 communi
496 454 676 495 concilio
709 453 963 495 Latinorum
996 467 1084 494 non
1118 454 1163 494 in
1197 453 1446 494 societatem
1485 452 1612 494 modo

43 513 304 566 Romanam,
350 513 422 554 sed
467 513 596 554 ctiam
635 513 678 553 in
718 513 935 554 civitatem
976 526 1020 553 se
1060 512 1290 555 dedissent.
1364 512 1612 566 patentibus

43 574 181 628 portis
208 587 304 614 cum
331 572 570 626 improviso
597 571 867 622 incidissent,
900 571 1038 625 primo
1061 572 1246 612 clamore
1268 571 1473 626 oppidum
1494 585 1614 626 prae-

42 637 108 674 ter
142 646 283 673 arcem
319 636 491 685 captum
526 634 602 672 est.
665 631 710 671 in
743 645 884 672 arcem
917 630 1122 684 oppidani
1161 630 1355 685 refugere
1388 644 1485 672 cum
1517 644 1614 672 con-

43 691 216 746 iugibus
251 705 300 732 ac
332 690 502 743 liberis,
546 689 804 743 nuntiosque
837 689 1038 743 Romam,
1084 689 1156 743 qui
1195 690 1420 731 certiorem
1453 690 1504 730 de
1537 703 1613 730 suo

45 765 146 793 casu
174 752 372 791 senatum
399 749 608 802 facerent,
634 748 800 790 misere.
845 748 961 790 haud
989 748 1182 802 segnius,
1208 763 1336 803 quam
1356 749 1438 790 fide
1464 748 1615 804 populi

43 809 231 852 Romani
264 809 442 863 dignum
475 807 573 861 suit,
607 808 816 850 exercitus
838 808 1071 850 Tusculum
1106 807 1270 849 ductus.
1322 807 1368 849 L.
1391 807 1615 857 Quinctius

44 872 88 910 et
120 867 207 910 Ser.
242 867 458 922 Sulpicius
491 867 655 908 tribuni
688 868 878 908 militum
911 867 1079 909 duxere.

163 927 342 969 Clausas
369 930 518 981 portas
539 926 714 968 Tusculi
730 926 993 981 Latinosque
1021 927 1150 967 simul
1172 926 1464 968 obsidentium
1486 930 1614 980 atque

46 987 324 1029 obsessorum
369 986 513 1027 animo
553 985 655 1027 hinc
701 986 873 1027 moenia
913 985 1090 1027 Tusculi
1133 985 1244 1026 tueri
1289 985 1452 1036 vident,
1498 985 1617 1026 illinc

47 1060 188 1088 arcem
221 1059 491 1100 oppugnare,
530 1047 688 1086 terrere
721 1060 806 1086 una
839 1060 887 1086 ac
926 1059 1094 1099 pavere.
1158 1044 1367 1086 adventus
1400 1043 1615 1086 Romano-

45 1120 142 1147 rum
174 1107 418 1146 mutaverat
449 1104 671 1158 utriusque
698 1104 834 1158 partis
862 1105 1048 1158 animos,
1079 1103 1345 1145 Tusculanos
1373 1117 1423 1144 ex
1449 1103 1617 1157 ingenti

47 1168 166 1206 metu
198 1164 243 1205 in
277 1177 488 1205 summam
524 1163 812 1217 alacritatem,
851 1163 1029 1205 Latinos
1063 1177 1112 1203 ex
1145 1176 1279 1217 prope
1312 1164 1428 1203 certa
1460 1161 1618 1204 fiducia

46 1238 147 1265 mox
180 1222 413 1277 capiendae
446 1222 574 1276 arcis,
614 1222 818 1276 quoniam
853 1222 1011 1277 oppido
1044 1221 1300 1276 potirentur,
1338 1221 1383 1262 in
1416 1222 1616 1276 exiguam

46 1283 97 1324 de
131 1297 175 1324 se
207 1282 315 1336 ipsis
349 1295 468 1335 spem
502 1283 704 1323 verterat.
766 1281 935 1323 tollitur
968 1295 1017 1322 ex
1051 1295 1147 1322 arce
1180 1281 1341 1322 clamor
1373 1280 1426 1321 ab
1457 1279 1616 1322 Tuscu-

45 1341 177 1396 lanis,
221 1341 381 1395 excipit
407 1341 632 1396 aliquanto
667 1340 804 1382 maior
831 1340 884 1381 ab
913 1340 1100 1382 exercitu
1132 1339 1341 1382 Romano.
1404 1340 1618 1395 utrimque

47 1403 254 1456 urgentur
292 1399 453 1455 Latini3
499 1414 578 1440 nec
617 1400 802 1454 impetus
835 1399 1173 1442 Tusculanorum
1214 1399 1530 1440 decurrentium
1569 1414 1616 1440 ex

47 1460 266 1514 superiore
304 1459 398 1500 loco
438 1459 652 1500 sustinent
690 1473 768 1500 nec
800 1458 1020 1500 Romanos
1060 1459 1293 1500 subeuntes
1327 1458 1497 1500 moenia
1529 1473 1615 1500 mo-

44 1519 286 1574 lientesque
313 1518 457 1560 obices
483 1521 708 1572 portarum
736 1532 879 1559 arcere
905 1521 1101 1572 possunt.
1148 1517 1274 1559 scalis
1302 1518 1419 1572 prius
1446 1518 1617 1559 moenia

46 1580 193 1633 capta,
226 1576 323 1619 inde
357 1577 532 1619 effracta
565 1577 752 1618 claustra
784 1580 1020 1632 portarum.
1084 1580 1127 1618 et
1160 1591 1254 1618 cum
1288 1591 1444 1631 anceps
1476 1577 1617 1618 hostis

47 1644 89 1679 et
121 1652 147 1679 a
177 1637 322 1679 fronte
361 1640 404 1677 et
443 1651 468 1678 a
499 1639 621 1692 tergo
654 1640 828 1691 urgeret
873 1651 950 1678 nec
991 1637 1044 1678 ad
1082 1650 1271 1691 pugnam
1311 1636 1399 1677 ulla
1437 1636 1501 1677 vis
1539 1650 1619 1678 nec

48 1697 98 1738 ad
133 1696 280 1752 fugam
314 1696 397 1737 loci
431 1695 664 1750 quidquam
698 1699 961 1750 superesset,
999 1696 1044 1736 in
1079 1695 1219 1736 medio
1254 1695 1366 1736 caesi
1400 1695 1451 1736 ad
1485 1710 1618 1736 unum

96 1804 129 1837 5.
151 1811 230 1836 cum
250 1801 418 1836 tristibus
436 1800 547 1834 minis
561 1799 711 1834 vertritt
725 1799 797 1834 den

47 1848 249 1893 bedingten
289 1847 392 1889 Satz,
426 1864 470 1876 =
496 1848 643 1882 minans
674 1848 797 1882 tristia

47 1900 219 1931 eventura
245 1906 327 1937 esse,
352 1895 394 1930 ni
419 1923 426 1929 .
450 1924 456 1930 .
480 1922 486 1928 .

95 1947 126 1978 6.
159 1942 331 1989 impetus]
371 1942 430 1977 ihr
462 1941 670 1986 Ungesti'im
706 1942 796 1986 (vgl.

46 1992 80 2033 4,
100 1994 157 2034 29,
179 1992 223 2031 1).

95 2036 263 2083 concilio]
284 2036 501 2081 ‘Landtag’,
511 2036 799 2081 Versammlung

49 2085 113 2120 der
146 2084 432 2129 Abgeordneten
477 2083 542 2119 der
575 2084 797 2119 latinischen

48 2131 334 2168 Bundesstadte.

96 2179 292 2224 civitatem]
322 2178 403 2224 Vgl.
431 2178 523 2223 Kap.
546 2182 601 2222 26,
623 2181 655 2213 8.

96 2238 132 2262 se
156 2226 352 2272 dedissent]
380 2225 455 2260 Das
478 2225 631 2270 Subject
656 2225 707 2260 ist
732 2236 796 2260 aus

50 2274 251 2310 Tusculum
272 2286 315 2308 zu
329 2274 555 2308 entnehmen
575 2273 689 2308 durch
706 2273 797 2309 Con-

51 2321 205 2358 structio
220 2321 266 2356 ad
278 2321 521 2356 intellectum.
534 2320 795 2366 Vg1.Kp.30,9.

99 2373 130 2405 7.
168 2368 398 2414 incidissent]
445 2368 796 2411 ‘hineinsti'irzten’,

51 2416 163 2451 naml.
189 2417 231 2451 in
250 2416 384 2458 urbem,
410 2416 570 2450 mitAbl.
587 2415 796 2460 desWeges

52 2463 111 2508 (=
133 2474 200 2508 per
224 2467 386 2508 patentes
409 2465 564 2508 portas);
603 2463 736 2498 ebenso
765 2468 797 2505 3,

53 2513 86 2555 3,
105 2515 125 2546 3
150 2511 225 2546 und
252 2515 284 2554 5,
307 2514 363 2553 26,
384 2514 416 2545 8.

101 2561 132 2592 8.
159 2559 352 2604 exercitus]
375 2557 568 2601 dasjenige
583 2557 691 2600 Heer,
712 2557 797 2591 wel-

55 2604 141 2640 ches
166 2606 261 2640 nach
281 2604 374 2650 Kap.
390 2610 445 2648 32,
459 2609 478 2639 5
506 2605 555 2640 ad
575 2605 697 2640 subita
718 2604 799 2639 belli

52 2649 173 2687 bereit
198 2653 318 2687 stand.

101 2702 134 2734 9.
159 2700 272 2745 tueri]
307 2698 432 2734 indem
460 2699 512 2734 sie
539 2699 610 2734 den
637 2699 797 2734 Romern

56 2744 126 2781 den
139 2745 296 2781 Eintritt
313 2746 351 2781 in
366 2746 425 2781 die
442 2747 552 2782 stadt
570 2747 716 2781 verweh
724 2757 797 2781 ren.

101 2797 230 2828 terrere
273 2804 316 2829 ac
356 2794 509 2839 pavere]
561 2793 798 2829 Livianische

56 2837 412 2886 Wortverbindung:
458 2844 489 2884 5,
517 2845 573 2886 21,
602 2845 643 2876 11
684 2842 800 2876 variis

56 2887 264 2923 terrentium
302 2899 346 2923 ac
383 2889 599 2932 paventium
634 2889 801 2932 vocibus,-

871 1803 928 1843 21,
950 1804 1006 1842 25,
1029 1803 1071 1834 13
1098 1800 1183 1842 finis
1209 1803 1240 1834 et
1267 1799 1386 1835 Gallis
1422 1800 1620 1834 territandi

871 1851 902 1882 ct
928 1848 1091 1892 pavendi
1121 1847 1196 1890 fuit
1223 1846 1418 1890 Romanis3
1465 1851 1522 1890 22,
1543 1851 1574 1890 5,
1596 1850 1618 1881 4

870 1895 1002 1930 mixtos
1022 1895 1229 1929 terrentium
1246 1895 1529 1939 paventiumque
1546 1895 1617 1929 cla-

871 1953 1000 1984 mores;
1029 1941 1116 1976 Tac.
1142 1941 1235 1976 Ann.
1267 1947 1296 1983 1,
1317 1945 1361 1976 25
1389 1954 1422 1976 u.
1452 1946 1506 1978 29.

920 1993 975 2023 10.
1014 1989 1232 2035 mutaverat]
1278 1989 1424 2024 Ebenso
1466 1993 1620 2024 verterat

872 2037 1010 2081 Chatta
1036 2037 1247 2082 versetzt’),
1280 2035 1385 2071 nicht
1410 2035 1524 2079 Perf.,
1561 2037 1617 2071 in-

871 2085 955 2119 dem
989 2084 1055 2119 der
1079 2083 1141 2119 bei
1167 2084 1231 2118 der
1257 2083 1428 2119 Ankunft
1457 2084 1521 2119 der
1547 2085 1618 2119 Ro-

871 2143 950 2167 mer
981 2131 1234 2176 eingetretene
1261 2132 1423 2166 Zustaud
1459 2132 1618 2175 geschil-

871 2179 954 2214 dert
985 2178 1074 2213 wird
1110 2191 1174 2213 zur
1207 2178 1416 2223 Erkliirung
1451 2180 1516 2214 der
1549 2179 1618 2214 fol-

870 2226 1015 2271 genden
1053 2227 1265 2271 Ereignisse
1299 2230 1332 2271 (ξ
1362 2230 1403 2261 11
1443 2227 1616 2270 tollitur):

871 2277 1041 2318 5,19,3;
1069 2278 1101 2318 9,
1124 2278 1178 2316 12,
1200 2278 1231 2309 3.

912 2322 1138 2367 potirentur]
1179 2322 1253 2356 Das
1290 2321 1455 2356 Verbum
1497 2321 1620 2366 potior

870 2369 938 2403 hat
969 2369 1086 2403 selten
1128 2369 1187 2403 bei
1219 2368 1344 2404 Livius
1377 2371 1449 2413 (25,
1472 2372 1527 2411 11,
1549 2371 1618 2412 12),

871 2416 1051 2451 zuweilen
1077 2415 1138 2451 bei
1163 2415 1291 2452 Cicero
1318 2416 1378 2451 die
1399 2415 1620 2460 Bedeutung

873 2462 1063 2506 ‘besitzem
1091 2463 1186 2498 Herr
1213 2465 1314 2499 einer
1340 2462 1459 2498 Sache
1486 2463 1594 2498 sein’.

920 2514 975 2546 11.
1001 2510 1153 2556 excipit]
1175 2511 1270 2554 folgt
1289 2510 1543 2550 unmittelbar,
1565 2521 1620 2544 ei·-

872 2558 968 2603 folgt
994 2562 1042 2601 (2,
1064 2562 1173 2600 61,1;
1202 2561 1330 2600 23,1s‚
1349 2562 1408 2599 15;
1436 2561 1492 2600 25,
1509 2561 1618 2601 23,8;

873 2610 928 2648 32,
950 2610 982 2648 3,
1003 2609 1036 2640 2.
1088 2605 1190 2640 Caes.
1213 2610 1242 2649 7,
1265 2609 1321 2647 ss,
1343 2608 1391 2648 2).

919 2652 1114 2697 molientes]
1133 2652 1428 2697 ‘aui'sprengeu'.
1456 2655 1511 2693 23,
1530 2653 1582 2693 18,
1598 2655 1618 2685 2

871 2700 993 2734 moliri
1012 2703 1142 2744 portus
1168 2703 1199 2734 et
1222 2700 1384 2734 claustra
1405 2700 1618 2744 refrinyere3

873 2750 928 2787 24,
949 2750 1006 2788 46,
1028 2750 1047 2780 5
1073 2747 1293 2781 molientium
1316 2749 1474 2791 portam.

923 2798 976 2828 12.
1003 2794 1161 2839 urgueret]
1189 2793 1300 2828 niiml.
1328 2793 1495 2828 Latinos.

921 2842 970 2875 ad
996 2852 1109 2875 unum
1135 2842 1268 2885 omnes]
1296 2840 1444 2885 hi'uifige
1468 2841 1618 2884 Phrase,

876 2888 965 2922 ‘alle
992 2888 1048 2923 bis
1075 2888 1140 2923 auf
1163 2889 1233 2923 den
1260 2890 1398 2923 letzten
1423 2887 1562 2923 Manu!

1645 1055 1687 1087 10

1647 1291 1686 1322 11

1646 1529 1687 1560 12
