1794 3084
86 1184 140 1224 41

156 77 210 118 88
657 76 799 112 LIBER
824 76 902 112 VH.
953 75 1054 111 CAP.
1081 80 1138 111 40.
1164 80 1221 111 41.

1507 92 1535 111 a.
1556 93 1584 112 u.
1605 93 1632 112 ο.
1653 87 1717 112 412.

155 188 247 227 tum
280 188 327 226 tu
359 185 402 226 in
435 184 693 226 novissimos
726 186 768 224 te
800 184 999 238 recipit03
1031 183 1192 237 fugeris
1226 183 1357 224 etiam
1385 183 1606 225 honestius
1632 185 1714 225 ter·
1771 223 1774 226 ,

88 255 130 285 14
158 258 344 300 gumque
377 244 458 285 civi
497 242 661 284 dederis
703 257 829 297 quam
871 243 1130 296 pugnaveris
1169 244 1320 283 contra
1362 242 1564 297 patriam3
1601 256 1716 284 nunc
1772 294 1775 297 Δ

157 303 208 344 ad
252 302 562 357 pacificandum
601 302 707 342 bene
746 304 873 355 atque
912 300 1091 341 honeste
1135 300 1247 341 inter
1292 301 1453 354 primos
1496 301 1632 342 stabis
1673 303 1716 342 et

155 362 357 416 colloquii
389 360 515 401 huius
549 360 749 401 salutaris
784 361 998 414 interpres
1043 359 1183 400 fueris.

1247 359 1464 413 postulate
1503 373 1641 414 aequa
1673 361 1715 400 et,

155 420 275 470 ferte,
310 434 568 473 quamquam
601 419 668 460 vel
700 419 856 473 iniquis
891 417 1090 459 standum
1124 420 1189 459 est
1220 419 1366 472 potius
1400 432 1527 473 quam
1558 417 1714 472 impias
1780 442 1794 465 ῃ

156 479 267 520 inter
300 493 376 519 nos
410 492 681 519 conseramus
715 476 893 518 manus.⁹

274 537 319 578 T.
348 537 570 586 Quinctius
604 537 754 590 plenus
786 536 1057 577 lacrimarum
1092 535 1144 576 ad
1177 549 1276 576 suos
1308 548 1455 576 versus
1488 533 1580 576 tme
1613 548 1715 589 quo-

158 595 252 650 que’
280 595 432 650 inquit,
460 595 648 650 emilites,
675 595 711 636 si
739 595 832 649 quis
859 609 960 635 usus
987 594 1072 634 mei
1099 596 1175 643 est,
1201 593 1421 634 meliorem
1441 593 1560 648 pacis
1587 607 1715 648 quam

87 667 128 697 16
155 655 258 695 belli
290 654 458 695 habetis
492 654 650 696 ducem.
700 669 784 695 non
820 653 932 694 enim
964 653 1039 693 illa
1071 652 1196 694 modo
1224 651 1406 693 Volscus
1433 655 1508 693 aut
1534 650 1715 705 Samnis,

157 713 228 755 sed
249 713 468 755 Romanus
491 714 622 754 verba
643 712 755 763 fecit,
777 716 916 753 vester
936 712 1093 763 consul,
1115 714 1257 752 vester
1275 711 1521 765 imperator,
1541 710 1716 766 milites,

157 772 275 813 cuius
309 771 499 825 auspicia
531 786 607 826 pro
642 771 762 812 vobis
796 770 959 825 experti
996 770 1128 811 nolite
1168 769 1369 810 adversus
1402 783 1477 811 vos
1510 769 1616 810 velle
1649 783 1716 810 ex-

89 842 130 872 17
158 831 299 885 periri.
343 831 415 885 qui
440 833 684 884 pugnarent
710 830 931 872 vobiscum
958 829 1167 882 infestius,
1196 830 1238 869 et
1264 828 1372 870 alios
1394 828 1519 869 duces
1541 830 1714 869 senatus

157 890 326 943 habuit3
355 890 427 943 qui
448 890 632 930 maxime
654 889 789 944 vobis,
815 888 902 929 suis
923 888 1146 940 militibus,
1165 889 1369 940 parceret,
1395 887 1462 928 cui
1481 886 1715 941 plurimum

88 959 131 990 18
159 963 253 1001 vos,
285 949 533 1002 imperatori
571 953 736 1001 vestro,
775 947 1020 1000 crederetis,
1060 960 1155 986 eum
1195 945 1336 1000 elegit.

1399 959 1547 1000 pacem
1586 945 1716 986 etiam

158 1007 229 1061 qui
250 1007 416 1048 vincere
438 1009 619 1061 possunt
629 1007 806 1059 Nolunt,
836 1005 936 1060 quid
956 1020 1034 1047 nos
1057 1005 1164 1046 velle
1186 1003 1386 1058 oportet?
1421 1003 1522 1058 quin
1543 1003 1718 1045 omissis

156 1067 220 1107 ira
251 1069 293 1106 et
332 1081 423 1120 spe,
462 1065 686 1106 fallacibus
727 1065 992 1119 auctoribus,
1024 1078 1103 1105 nos
1141 1063 1260 1117 ipsos
1298 1065 1531 1117 nostraque
1573 1062 1718 1104 omnia

158 1124 354 1179 cognitae
387 1124 674 1178 permittimus
707 1123 805 1165 fidei
813 1122 848 1164 ?'

278 1184 631 1237 Approbantibus
672 1184 859 1224 clamore
901 1181 1064 1223 cunctis
1102 1181 1148 1223 Τ.
1182 1180 1404 1229 Quinctius
1449 1182 1547 1221 ante
1593 1179 1717 1235 signa

156 1256 412 1297 progressus
445 1242 488 1282 in
522 1245 734 1296 potestate
769 1241 994 1282 dictatoris
1026 1239 1184 1280 milites
1210 1239 1302 1280 fore
1329 1238 1451 1294 dixit3
1484 1239 1635 1292 oravit,
1669 1240 1719 1279 ut

159 1315 334 1342 causam
366 1301 621 1341 miserorum
648 1300 809 1341 civium
837 1300 1071 1353 susciperet
1099 1301 1424 1351 susceptamque
1451 1297 1598 1338 eadem
1623 1297 1719 1351 fide,

113 1370 132 1400 2
161 1374 243 1413 qua
275 1374 364 1400 rem
397 1360 613 1414 publicam
647 1358 950 1399 administrare
984 1357 1136 1398 solitus
1164 1359 1288 1410 esset,
1320 1358 1531 1397 tueretur:
1565 1355 1648 1397 sibi
1674 1369 1719 1396 se

158 1418 360 1472 privatim
400 1418 508 1459 nihil
547 1432 715 1472 cavere3
758 1417 873 1458 nolle
913 1416 1016 1458 alibi
1058 1430 1184 1469 quam
1226 1415 1271 1455 in
1313 1415 1560 1456 innocentia
1599 1428 1720 1468 spem

159 1476 335 1530 habere,
380 1477 591 1518 militibus
631 1476 882 1523 cavendum,
928 1473 1041 1529 quod
1081 1473 1192 1527 apud
1235 1476 1379 1526 patres
1424 1473 1555 1514 semel
1593 1472 1722 1527 plebi,

159 1535 316 1577 iterum
348 1536 591 1590 legionibus
625 1540 796 1576 cautum
832 1535 904 1587 sit,
936 1548 988 1574 ne
1020 1533 1160 1573 fraudi
1194 1532 1376 1573 secessio
1408 1535 1532 1573 esset.

208 1666 263 1697 13.
313 1662 477 1708 fugeris]
534 1661 615 1697 Fut.
676 1663 795 1696 exact.
846 1672 909 1694 zur

160 1709 355 1743 starkeren
387 1710 678 1753 Versicherung,
718 1710 809 1743 statt
846 1708 909 1742 des

168 1756 195 1790 F
200 1759 314 1792 uturs.

213 1806 264 1837 14.
291 1803 393 1848 ferte]
430 1804 521 1837 statt
546 1803 611 1837 des
644 1803 799 1845 Futurs,
836 1801 909 1836 ‘ihr

163 1849 252 1884 sollt
277 1862 315 1884 es
342 1850 539 1885 erhalten’.

209 1897 365 1943 iniquis]
410 1897 555 1936 Neutr.,
584 1896 708 1931 Ablat.
737 1908 780 1929 zu
806 1899 907 1930 stan-

162 1945 248 1979 dum
264 1944 478 1987 (‘eingehen
493 1944 557 1978 auf
568 1944 606 1987 ⁷).
634 1943 821 1987 Vg1.Kap.
835 1946 866 1985 6,
877 1946 908 1976 6.

205 1992 331 2036 potius
355 1992 479 2036 quam]
507 1990 591 2034 Vgl.
614 1990 708 2034 Kap.
734 1993 788 2032 18,
810 1993 840 2023 6.

212 2042 265 2072 16.
294 2038 411 2083 modo]
440 2037 588 2072 soeben.
639 2041 694 2079 22,
717 2040 773 2078 30,
794 2040 826 2070 3.

211 2084 334 2129 cuius]
359 2084 588 2118 Relativsatz
608 2085 677 2117 mit
699 2083 907 2126 Imperativ,

162 2131 231 2165 wie
259 2130 332 2165 Cic.
351 2130 428 2165 Cat.
444 2130 532 2164 Mai.
552 2135 594 2164 59
621 2130 754 2164 madias
780 2130 829 2164 ad
855 2140 908 2163 res

158 2178 333 2222 perutiles
379 2177 632 2220 Xenophontis
677 2177 764 2210 libra·
810 2180 907 2218 sunt,

163 2235 250 2269 quos
276 2225 390 2269 leyite,
417 2234 558 2267 quaeso,
584 2224 752 2257 studiose.

205 2282 276 2316 pro
302 2270 417 2315 vobis]
439 2282 482 2304 zu
502 2281 627 2304 eurem
643 2269 793 2311 Glficke,
810 2269 906 2304 Heil.

212 2318 310 2363 velle]
339 2318 592 2362 pleonastisch
619 2329 662 2350 zu
689 2318 799 2350 nolite
824 2316 905 2350 hin-

165 2364 352 2409 zugefi‘ig-t.
371 2363 493 2398 ‘hfitet
508 2362 610 2405 euch,
688 2374 732 2396 zu
743 2362 906 2398 wollen’.

163 2411 309 2446 Ebenso
324 2411 384 2445 bei
395 2410 466 2445 Cic.
477 2423 510 2455 p.
522 2411 615 2444 Mur.
626 2414 680 2453 50,
697 2422 731 2454 p.
743 2410 840 2444 Cael.
852 2414 905 2453 79,

163 2458 259 2493 Phil.
283 2463 314 2501 7,
335 2462 390 2492 ⁶25.

213 2508 267 2540 18.
285 2505 390 2551 quin]
407 2504 724 2549 Fragenmitquin
737 2503 908 2546 (‘warum

162 2552 299 2596 nicht’)
326 2551 460 2586 dienen
487 2562 570 2585 zum
590 2550 785 2590 Ausdruck
806 2549 908 2583 einer

164 2599 356 2633 lebhaften
370 2598 648 2641 Aufforderung
663 2599 709 2641 (l,
722 2600 778 2640 45,
795 2601 814 2631 6
829 2596 904 2631 und

164 2650 273 2689 57‚7;
302 2649 458 2688 9‚10‚7;
487 2648 591 2688 11‚2;
621 2648 731 2687 18,11
761 2655 794 2677 u.
816 2644 873 2687 a.).

212 2692 439 2733 auctoribus]
470 2692 701 2735 ‘Ratgeber’,
729 2689 796 2725 auf
817 2689 906 2724 zwei

162 2739 356 2774 Feminina
374 2739 550 2782 bezogen,
576 2738 644 2773 wie
660 2740 818 2781 40,4,14
834 2748 906 2772 von

164 2787 265 2820 einer
310 2785 405 2820 Frau
449 2787 582 2829 gesagt
626 2785 736 2819 wird:
780 2787 906 2818 auctor

164 2834 290 2867 mortis
315 2833 486 2867 instabat.

1031 1658 1094 1694 41.
1122 1663 1152 1694 1.
1180 1658 1483 1704 approbantibus]
1513 1657 1583 1692 mit
1607 1658 1720 1703 Weg-

982 1707 1136 1750 lassung
1161 1705 1226 1740 des
1253 1704 1442 1749 Objektes,
1468 1704 1628 1740 welches
1654 1715 1722 1739 aus

982 1754 1066 1788 dem
1098 1752 1427 1797 vorhergehenden
1453 1751 1537 1786 Satz
1572 1763 1616 1786 zu
1642 1753 1721 1787 ent·
1762 1771 1767 1776 ·

981 1801 1141 1835 nehmen
1167 1799 1225 1840 ist,
1253 1816 1296 1828 =
1317 1799 1602 1834 assentientibus.

1028 1847 1255 1891 miserorum]
1283 1845 1368 1880 weil
1393 1846 1445 1880 sie
1471 1846 1530 1879 fu'r
1548 1845 1629 1880 ihre
1648 1844 1719 1879 Re-

980 1894 1122 1928 bellion
1147 1893 1228 1928 eine
1255 1892 1416 1928 schwere
1443 1891 1565 1927 Strafe
1590 1904 1634 1926 zu
1659 1903 1724 1937 ge-

984 1941 1164 1985 wartigen
1189 1941 1329 1975 hatten.

1030 1992 1060 2023 2.
1088 1988 1302 2029 cavendum,
1342 1985 1451 2032 quod]
1475 2003 1519 2014 =
1538 1986 1631 2020 idem
1662 1995 1721 2020 ca-

981 2035 1134 2070 vendum
1161 2044 1242 2075 esse,
1267 2035 1371 2078 quod.

1029 2082 1130 2126 apud
1150 2081 1290 2126 patres]
1318 2080 1378 2114 bei
1405 2079 1476 2114 den
1501 2078 1722 2123 Vorfahren,

982 2127 1178 2162 scheinbar
1209 2127 1406 2171 temporal:
1446 2138 1509 2160 zur
1541 2126 1620 2160 Zeit
1656 2126 1721 2160 der

980 2174 1187 2210 Vorfahren
1213 2174 1300 2218 (vgl.
1321 2177 1354 2216 4,
1375 2177 1408 2215 4,
1429 2173 1476 2218 3).

1028 2221 1173 2265 fraudi]
1185 2218 1593 2263 ‘Schaden,Nachteil'.
1610 2218 1723 2254 Diese

980 2268 1201 2312 Bedeutung
1221 2269 1288 2302 hat
1307 2269 1414 2309 fraus
1433 2266 1661 2301 namentlich
1680 2265 1720 2299 in
1775 2267 1787 2272 ”

981 2315 1053 2349 don
1084 2315 1256 2350 Formeln
1287 2315 1418 2357 fraudi
1451 2324 1522 2348 esse
1553 2315 1600 2357 (3,
1621 2316 1677 2356 54,
1698 2316 1722 2346 5

979 2362 1054 2396 und
1083 2365 1143 2404 143
1177 2365 1240 2404 30,
1264 2365 1324 2404 19,
1345 2365 1383 2403 93
1417 2359 1479 2394 bei
1511 2359 1638 2394 Cicero
1671 2370 1720 2393 an

982 2413 1024 2443 16
1041 2408 1194 2451 Stellen)
1215 2407 1292 2442 und
1310 2408 1387 2442 sine
1405 2407 1537 2450 fraude
1558 2408 1714 2450 (1,24,5;

982 2459 1036 2499 24,
1057 2459 1113 2498 47,
1134 2459 1171 2498 83
1199 2459 1254 2498 26,
1278 2458 1332 2498 12,
1352 2455 1399 2498 5).

1029 2502 1128 2546 esset]
1180 2502 1246 2536 Bei
1277 2501 1340 2535 der
1372 2501 1494 2535 ersten
1527 2498 1720 2534 Secession

982 2549 1075 2583 wird
1108 2549 1173 2582 der
1207 2545 1600 2582 selbstverstandliche
1625 2545 1719 2580 Vor-

978 2596 1108 2631 behalt
1144 2596 1209 2630 der
1246 2592 1529 2638 Straflosigkeit
1564 2592 1622 2626 ffir
1657 2591 1719 2626 die

977 2641 1251 2685 Aufst‘andigen
1276 2651 1348 2676 von
1383 2640 1508 2674 Livius
1532 2639 1638 2673 nicht
1662 2648 1717 2672 er-

978 2690 1125 2731 wabnt3
1151 2688 1213 2722 bei
1233 2688 1297 2723 der
1316 2688 1472 2722 zweiten
1491 2685 1615 2720 wurde
1635 2684 1722 2719 der-

981 2735 1080 2770 selbe
1114 2735 1230 2769 durch
1263 2735 1370 2769 einen
1397 2729 1719 2768 Senatsbeschluss

982 2783 1059 2827 (vgl
1086 2783 1228 2826 3‚54‚5)
1255 2781 1329 2815 und
1355 2781 1413 2815 ein
1433 2779 1609 2813 Plebiscit
1627 2777 1720 2813 fest-

981 2831 1132 2872 gesetzt.
