1794 3084
608 121 755 158 LIBER
780 121 879 159 VIII.
923 122 1027 159 CAP.
1048 127 1104 160 33.
1132 127 1187 158 34.
1623 124 1679 165 75

111 139 136 158 a.
160 131 210 157 ch.
230 139 258 156 n.
277 132 338 158 325.

229 229 348 272 Haec
387 230 516 272 simul
554 230 751 285 iurgans,
790 245 992 286 querens,
1034 231 1159 273 deum
1198 231 1509 286 hominumque
1548 231 1677 273 fidem

107 289 333 332 obtestans
373 292 415 332 et
453 289 702 344 complexus
740 290 878 331 filium
918 290 1117 344 plurimis
1156 305 1251 332 cum
1284 291 1475 332 lacrimis
1509 291 1676 345 agebat.

1705 242 1748 274 23

227 346 381 390 Stabat
406 363 500 390 cum
528 363 578 390 eo
606 351 780 391 senatus
807 349 1027 402 maiestas,
1058 349 1180 391 favor
1205 350 1367 404 populi,
1398 349 1677 392 tribunicium
1689 348 1749 392 34

109 407 333 462 auxilium,
377 408 586 450 memoria
630 408 823 450 absentis
870 408 1093 450 exercitus.
1157 423 1207 449 ex
1252 410 1376 463 parte
1422 409 1557 450 altera
1600 409 1676 450 im-

105 467 274 522 perium
305 467 515 508 invictum
548 467 697 521 populi
729 467 918 509 Romani
957 470 1000 509 et
1038 467 1266 521 disciplina
1305 468 1367 510 rei
1398 467 1599 509 militaris
1633 470 1677 509 et

105 525 332 568 dictatoris
365 526 551 567 edictum
583 540 659 579 pro
686 526 860 567 numine
887 540 1055 580 semper
1081 526 1358 568 observatum
1386 531 1430 568 et
1455 527 1676 569 Manliana

102 584 286 640 imperia
334 588 377 626 et
422 584 676 639 posthabita
719 585 798 626 filii
849 585 1008 626 caritas
1059 585 1256 639 publicae
1307 585 1490 627 utilitati
1539 587 1674 628 iacta·

104 643 284 685 bantur:
315 643 413 686 Hoc
445 644 576 685 etiam
608 643 656 685 L.
678 643 875 698 Brutum,
900 644 1167 686 conditorem
1194 644 1414 686 Romanae
1447 645 1676 699 libertatis,

109 705 240 744 antea
270 703 316 744 in
347 702 513 745 duobus
554 702 701 744 liberis
739 702 911 757 fecisse3
956 717 1069 744 nunc
1106 706 1250 757 patres
1290 718 1434 746 comes
1473 707 1515 745 et
1553 719 1675 746 senes

101 761 254 804 faciles
293 761 344 803 de
385 762 523 804 alieno
562 762 746 816 imperio
779 764 944 816 spreto,
982 765 1205 817 tamquam
1245 763 1307 804 rei
1339 777 1517 818 parvae,
1551 763 1676 805 disci-

103 821 251 875 plinae
276 821 477 862 militaris
505 835 677 862 eversae
704 821 919 863 iuventuti
944 822 1131 876 gratiam
1152 821 1303 864 facere.
1337 837 1381 863 se
1408 825 1555 864 tamen
1581 837 1677 876 per-

105 881 323 921 staturum
361 880 408 921 in
444 880 618 934 incepto
658 894 736 922 nec
776 880 833 934 ei,
876 881 948 935 qui
988 880 1193 923 adversus
1235 881 1397 922 dictum
1431 896 1553 923 suum
1587 885 1676 923 tur·

103 938 219 980 batis
252 939 538 993 religionibus
572 953 621 981 ac
653 939 795 981 dubiis
830 939 1033 993 auspiciis
1066 942 1322 996 pugnasset,
1362 941 1591 995 quicquam
1624 955 1676 982 ex

104 997 221 1039 iusta
258 1012 400 1052 poena
436 998 730 1041 remissurum.
792 999 999 1040 maiestas
1038 999 1208 1053 imperii
1247 1002 1510 1053 perpetuane
1550 1004 1676 1054 esset,

100 1071 190 1099 non
229 1071 319 1099 esse
359 1057 402 1098 in
448 1072 525 1098 sua
563 1060 798 1112 potestate3
843 1057 888 1099 L.
928 1057 1150 1112 Papirium
1198 1058 1310 1099 nihil
1350 1059 1441 1100 eius
1481 1059 1675 1100 deminu-

100 1117 263 1157 turum.
315 1119 486 1170 optare,
522 1131 574 1158 ne
613 1119 809 1170 potestas
848 1117 1102 1168 tribunicia,
1139 1117 1350 1159 inviolata
1382 1118 1498 1173 ipsa,
1540 1118 1674 1160 violet

101 1175 412 1217 intercessione
446 1190 523 1217 sua
554 1175 800 1217 Romanum
831 1175 1080 1230 imperium,
1115 1190 1198 1217 neu
1229 1178 1414 1231 populus
1447 1177 1490 1218 in
1525 1191 1568 1218 se
1600 1191 1675 1232 po-

102 1234 322 1276 tissimum
355 1234 564 1276 dictatore
595 1235 661 1276 ius
695 1235 934 1276 dictaturae
967 1235 1227 1289 exstinguat.
1273 1236 1387 1289 quod
1421 1236 1458 1278 si
1489 1236 1675 1292 fecisset,

100 1307 190 1335 non
222 1292 268 1334 L.
301 1292 540 1348 Papirium,
579 1293 651 1335 scd
683 1294 907 1348 tribunos,
946 1294 1021 1336 sed
1059 1309 1241 1349 pravum
1282 1295 1435 1349 populi
1466 1295 1673 1337 iudicium

100 1352 362 1407 nequiquam
394 1356 593 1407 posteros
634 1355 930 1408 accusaturos,
976 1368 1071 1395 cum
1113 1353 1286 1408 polluta
1326 1354 1458 1396 semel
1491 1354 1672 1397 militari

148 1484 203 1515 23.
230 1480 354 1526 simul]
372 1479 629 1525 pleonastisch
647 1482 848 1525 zugesetzt,

98 1539 160 1562 um
200 1527 259 1562 die
293 1526 624 1573 Gleichzeitigkeit
660 1527 726 1563 der
757 1529 848 1563 Vor-

98 1573 233 1618 wiirfe‚
266 1574 413 1620 Klagen
445 1575 520 1610 und
546 1574 674 1610 Bitten
699 1576 848 1610 hervor-

95 1621 274 1657 zuheben.

143 1669 191 1714 et]
222 1668 312 1703 ‘und
332 1668 473 1712 dabei',
499 1669 569 1703 mit
593 1669 702 1704 simul
722 1669 848 1704 korre-

96 1715 358 1761 spondierend.

144 1769 366 1815 complexus]
393 1768 463 1803 mit
493 1769 579 1803 dem
607 1768 718 1803 Sinne
748 1769 848 1804 eines

94 1816 195 1851 Part.
222 1816 337 1859 Pras„
366 1815 537 1850 ‘umfasst
561 1814 744 1851 haltend'.

141 1869 204 1904 34.
221 1873 252 1904 2.
267 1869 462 1913 imperium
476 1869 669 1915 invictum]
692 1868 766 1904 ‘die
783 1880 848 1903 un-

94 1915 399 1960 fiberwindliche,
421 1917 690 1951 unantastbare
706 1917 848 1951 Staats-

93 1963 249 2008 gewalt’
264 1965 297 2008 (ᾗ
306 1966 352 2007 5),
364 1963 506 1998 welche
518 1963 568 1997 im
578 1963 755 1998 Diktator
768 1975 848 1998 ver-

96 2010 609 2056 korpert,vomReiteroberst
617 2011 773 2046 verletzt
781 2010 844 2045 sei.

137 2074 208 2109 pro
234 2063 400 2109 numine]
428 2063 497 2098 wic
519 2063 579 2098 ein
599 2061 846 2107 Gotterwink,

93 2111 154 2146 ein
183 2110 385 2156 gottliches
413 2109 666 2155 Machtgebot.

143 2164 347 2199 Manliana
363 2164 534 2210 imperia]
547 2163 844 2209 Vg1.Kap.7,22.

136 2217 365 2262 posthabita]
394 2216 473 2252 scil.
501 2228 525 2251 α
552 2217 712 2252 Manlio.

142 2274 175 2305 3.
201 2271 282 2306 hoc.
299 2299 306 2305 .
323 2299 329 2305 .
346 2270 487 2316 fecisse]
509 2287 552 2299 =
572 2270 733 2313 filiorum
753 2273 846 2307 cari-

94 2320 204 2352 tatem
218 2317 391 2361 publicae
404 2318 562 2352 utilitati
582 2318 846 2362 posthabuisse,

141 2370 269 2413 faciles
293 2370 352 2416 de]
380 2369 620 2414 nachsiohtig
645 2370 716 2405 bei.

141 2427 326 2468 tamquam
370 2424 423 2457 rei
461 2423 616 2468 parvae]
667 2434 846 2468 vorange-

93 2470 219 2506 stellte
228 2469 452 2514 Apposition
462 2482 505 2504 zu
519 2470 737 2514 disciplinae
750 2471 846 2506 mili-

92 2518 186 2553 taris
211 2528 362 2553 eversae.

96 2564 472 2647 haffaessiezezffizffl
496 2574 533 2655 (ἓξ
556 2575 662 2656 {2⁰43

142 2662 175 2693 4.
201 2640 254 2705 se]
281 2659 347 2694 der
373 2634 558 2701 Diktatoi,
585 2658 746 2694 welcher
766 2660 846 2694 also

95 2705 211 2741 durch
239 2710 258 2749 ξ
279 2711 299 2741 2
326 2718 370 2742 ea·
395 2710 506 2750 parte
537 2706 668 2742 altera.
686 2707 845 2742 ..iacta-

98 2753 236 2788 bantur
261 2754 316 2789 als
343 2753 482 2788 rcdend
509 2753 724 2788 bezeichnet
743 2754 846 2789 wird.

141 2801 295 2847 dictum]
323 2800 471 2836 Ebenso
498 2799 568 2846 22,
597 2803 653 2843 25,
682 2804 725 2835 13
751 2802 847 2846 quod

93 2851 223 2883 contra
231 2848 368 2884 dictum
375 2859 481 2882 suum
491 2851 700 2892 pugmasset.
717 2848 846 2883 Dieses

97 2891 248 2930 ‘Gebot’
277 2906 355 2930 war
377 2895 461 2929 dem
488 2894 742 2930 Reiterobcrst
762 2906 845 2940 per-

923 1481 1068 1516 so'nlich
1095 1481 1231 1524 erteilt,
1259 1481 1364 1516 nicht
1391 1482 1584 1517 offentlich
1610 1482 1674 1518 be-

921 1529 1041 1562 kannt
1060 1528 1236 1573 gemacht
1257 1529 1407 1564 worden
1432 1530 1673 1575 (Kap.30,2);

922 1575 1039 1610 daher
1063 1576 1156 1610 wird
1184 1587 1221 1610 es
1245 1575 1427 1621 richtiger
1447 1577 1507 1612 ein
1537 1578 1674 1614 dietum

923 1621 1028 1667 (Kap.
1050 1625 1088 1665 4,
1104 1624 1138 1664 2)
1166 1625 1332 1667 genannt
1355 1624 1411 1659 als
1431 1623 1494 1659 ein
1518 1626 1674 1662 edietum

923 1669 1031 1714 (Kap.
1054 1673 1110 1711 35,
1131 1671 1176 1715 5).

971 1720 1002 1751 5.
1030 1717 1132 1763 esset]
1148 1718 1199 1751 im
1215 1717 1326 1753 Sinne
1342 1729 1411 1754 von
1424 1719 1555 1762 futura
1575 1723 1671 1756 esset.

922 1762 1007 1808 Vgl.
1029 1763 1122 1808 Kap.
1144 1768 1200 1807 35,
1221 1768 1253 1799 4.

971 1815 1002 1846 6.
1029 1811 1124 1845 nihil
1149 1812 1240 1858 eius]
1268 1811 1403 1853 nichts,
1429 1823 1505 1847 was
1526 1825 1571 1848 zu
1591 1814 1672 1849 der-

922 1858 1048 1892 sclben
1074 1857 1228 1902 gehore;
1266 1859 1353 1894 kein
1384 1859 1523 1904 Recht,
1563 1861 1671 1897 keine

921 1904 1097 1949 Befugnis
1124 1906 1328 1941 derselben.
1524 1930 1526 1932 v

969 1953 1222 1988 intercessione
1239 1954 1322 1999 sua]
1346 1954 1458 1990 n‘aml.
1473 1965 1596 1999 gegen
1610 1954 1672 1991 die

922 1998 1174 2045 Hinrichtung
1200 2001 1264 2035 des
1292 2001 1604 2038 Reiterobersten.

967 2047 1009 2081 in
1033 2058 1069 2082 se
1094 2048 1285 2094 dictatore]
1312 2049 1349 2083 in
1374 2048 1495 2084 seiner
1519 2049 1671 2094 Person,

919 2094 1096 2128 wahrend
1122 2105 1161 2129 er
1186 2094 1363 2130 Diktator
1390 2095 1452 2131 sei.

967 2142 1192 2188 exstinyuat]
1220 2141 1290 2177 Die
1312 2142 1428 2178 Stelle
1450 2143 1562 2189 zeigt,
1589 2143 1671 2179 dass

918 2187 1164 2224 Intercession
1185 2190 1262 2224 und
1281 2189 1533 2226 Provokation
1549 2202 1671 2236 gegen

920 2235 1025 2270 einen
1059 2235 1236 2272 Diktator
1270 2237 1396 2273 bisher
1433 2239 1530 2274 noch
1565 2238 1672 2273 nicht

919 2284 1165 2328 angewendet
1196 2285 1346 2320 worden
1385 2297 1526 2328 waren;
1562 2285 1670 2331 Papi-

919 2330 994 2365 rius
1008 2334 1126 2366 warnt
1139 2342 1207 2366 vor
1219 2331 1455 2378 Einftihrung
1475 2333 1670 2368 derselben

919 2377 995 2412 und
1026 2379 1217 2423 vmlangt,
1256 2379 1338 2414 dass
1376 2379 1442 2415 der
1473 2380 1670 2425 gemachte

918 2424 1085 2507 Verguch
1106 2437 1190 2461 vom
1206 2425 1327 2461 Volke
1343 2427 1671 2472 zurtiekgewiesen

918 2483 993 2507 wer
1021 2483 1051 2509 e.

966 2523 997 2555 7.
1024 2520 1101 2566 sed]
1128 2519 1226 2555 nach
1251 2521 1577 2566 voraufgehender
1596 2521 1669 2556 Ne-

917 2567 1048 2611 gation
1063 2567 1293 2612 ‘wiederholt,
1307 2579 1370 2603 um
1388 2568 1494 2603 beide
1510 2567 1670 2613 Objekte

919 2613 1258 2649 nachdrsicklicher
1271 2615 1588 2659 hervorzuheben,
1616 2615 1670 2650 als

921 2671 960 2695 es
981 2660 1097 2696 durch
1119 2661 1200 2697 eine
1214 2661 1460 2707 Verbindung
1475 2662 1671 2698 derselben

920 2707 990 2743 mit
1029 2712 1061 2743 et
1099 2709 1313 2753 geschehen
1354 2710 1493 2745 wiirde.
1559 2709 1669 2745 Diese

919 2754 1218 2801 Wiederholung
1237 2757 1314 2795 ,des
1345 2757 1407 2792 sed
1440 2757 1555 2791 findet
1590 2755 1671 2792 sich

919 2801 1016 2837 auch
1049 2802 1118 2849 24,
1150 2808 1210 2846 14,
1237 2807 1258 2838 8
1291 2805 1366 2839 und
1399 2802 1578 2838 zuweilen
1609 2803 1671 2839 bei

920 2848 1049 2884 Cicero
1083 2850 1202 2894 (Verr.
1231 2855 1269 2893 3,
1292 2855 1354 2892 723
1393 2863 1428 2896 p.
1457 2850 1563 2887 Caec.
1590 2853 1669 2896 21),

920 2895 1026 2940 Ovid,
1054 2896 1217 2933 Tacitus.

1702 420 1722 451 2

1702 659 1723 690 3

1702 837 1724 868 4

1702 1014 1723 1045 5

1701 1074 1721 1105 6

1702 1248 1721 1279 7
