1794 3084
63 85 91 106 Ι.
106 77 157 106 ch.
171 86 199 104 n.
213 79 274 104 381.

571 67 717 103 LIBER
742 67 804 104 VI.
854 67 956 103 CAP.
984 72 1038 104 25.
1066 72 1123 104 26.
1571 69 1626 111 57

66 176 119 219 ad
144 179 317 231 tempus
338 176 568 231 vestigium
589 177 723 218 ullum
751 178 855 230 erat,
887 176 961 218 sed
986 177 1049 218 ita
1081 177 1228 218 omnia
1261 177 1478 218 constanti
1510 180 1628 219 tran-

64 235 199 290 quilla
230 249 350 290 pace,
383 237 431 276 ut
463 249 512 277 eo
545 236 616 277 vix
647 235 764 276 fama
797 235 900 277 belli
932 236 1101 289 perlata
1133 235 1265 277 videri
1297 239 1454 290 posset.

181 293 336 336 Victus
379 294 514 348 igitur
554 294 765 348 patientia
811 294 1002 336 hostium
1051 298 1249 336 senatum
1290 309 1438 336 eorum
1484 296 1702 338 vocarii26

270 351 375 394 ‘Soli
421 352 574 394 adhuc'
619 353 772 408 inquit,
813 352 1080 408 tTusculani,
1125 368 1225 396 vera
1259 368 1379 395 arma
1422 367 1629 408 verasque

60 353 200 396 iussit.

60 412 187 464 vires,
220 411 374 467 quibus
408 411 461 452 ab
494 412 558 453 ira
590 411 882 453 Romanorum
915 415 1059 454 vestra
1090 413 1359 466 tutaremini,
1390 413 1627 455 invenistis.

60 471 119 512 ite
151 470 336 513 Romam
370 470 424 512 ad
457 473 673 524 senatum,
708 471 1000 513 aestimabunt
1031 474 1190 526 patres,
1222 475 1366 513 utrum
1397 472 1493 526 plus
1527 474 1626 514 ante
1654 484 1674 514 2

58 543 224 585 poenae
263 544 318 571 an
354 543 467 570 nunc
505 530 655 571 veniae
690 530 831 571 meriti
866 530 981 584 sitis;
1020 545 1105 572 non
1144 531 1407 585 praecipiam
1440 532 1627 586 gratiam

60 589 224 644 publici
255 588 469 641 beneficii3
504 588 760 647 deprecandi
791 591 1054 643 potestatem
1088 604 1112 630 a
1145 604 1211 630 me
1244 590 1501 645 habueritis,
1535 605 1626 645 pre-

60 647 181 690 cibus
214 650 413 689 eventum
445 648 601 689 vestris
636 650 822 702 senatus,
855 663 982 702 quem
1015 648 1242 702 videbitur,
1276 648 1423 690 dabit’.

177 706 417 761 Postquam
454 706 640 748 Romam
678 706 911 748 Tusculani
949 709 1160 748 venerunt
1199 710 1458 764 senatusque
1497 709 1627 763 paulo
1655 720 1676 751 3

58 769 160 808 ante
197 765 390 807 fidelium
429 766 642 807 sociorum
680 768 870 808 maestus
908 766 952 807 in
991 766 1206 808 vestibulo
1246 767 1386 808 curiae
1426 770 1492 809 est
1530 782 1627 810 con-

57 827 243 880 spectus,
277 825 385 866 moti
417 825 632 879 extemplo
665 828 810 879 patres
840 826 980 867 vocari
1014 840 1086 867 eos
1120 826 1207 867 iam
1233 828 1324 867 tum
1350 826 1628 880 hospitaliter

57 884 198 939 magis
232 899 363 939 quam
395 883 614 926 hostiliter
645 884 818 926 iussere.

882 884 1066 926 dictator
1098 884 1368 926 Tusculanus
1401 884 1471 926 ita
1494 885 1628 928 verba
1654 897 1675 927 4

55 942 178 985 fecit:
212 942 392 993 ‘Quibus
426 943 587 985 bellum
619 943 833 985 indixistis
866 943 1170 999 intulistisque,
1202 947 1346 999 patres
1380 945 1628 1000 conscripti,

0 1043 1 1046 ,
57 1002 171 1044 sicut
202 1017 315 1044 nunc
347 1002 501 1044 videtis
534 1017 614 1044 nos
649 1005 813 1044 stantes
852 1002 897 1043 in
930 1003 1144 1045 vestibulo
1178 1003 1320 1044 curiae
1352 1007 1532 1058 vestrae,
1563 1004 1627 1045 ita

0 1054 1 1058 ¹
56 1062 214 1103 armati
252 1061 479 1117 paratique
519 1061 692 1103 obviam
733 1062 1069 1116 imperatoribus
1109 1061 1439 1117 legionibusque
1471 1063 1628 1104 vestris

54 1121 355 1175 processimus.

417 1121 487 1162 hic
519 1123 680 1175 noster,
713 1121 803 1162 hie
815 1120 955 1175 plebis
994 1123 1170 1163 nostrae
1209 1121 1384 1163 habitus
1416 1121 1501 1162 fuit
1533 1122 1627 1163 erit·
1655 1133 1676 1164 5

56 1194 137 1235 que
181 1194 360 1234 semper,
401 1180 486 1220 nisi
527 1179 563 1221 si
605 1179 774 1234 quando
817 1194 841 1221 a
885 1180 1008 1222 vobis
1051 1194 1215 1234 proque
1248 1180 1372 1221 vobis
1407 1195 1528 1221 arma
1560 1195 1626 1222 ac-

55 1239 306 1293 ceperimus.

374 1239 538 1294 gratias
579 1239 749 1294 agimus
790 1242 832 1280 et
871 1239 1049 1280 ducibus
1089 1239 1245 1280 vestris
1279 1242 1321 1280 et
1353 1239 1627 1292 exercitibus,

55 1297 168 1353 quod
215 1297 349 1342 oculis
394 1298 532 1353 magis
578 1312 708 1352 quam
755 1297 930 1339 auribus
977 1297 1249 1340 crediderunt
1294 1301 1354 1352 et,
1399 1299 1475 1340 ubi
1518 1298 1627 1340 nihil

53 1356 212 1398 hostile
244 1359 348 1411 erat,
379 1372 432 1398 ne
464 1356 548 1412 ipsi
581 1357 752 1411 quidem
785 1357 990 1399 fecerunt.
1040 1371 1202 1412 pacem,
1235 1372 1363 1412 quam
1395 1372 1472 1399 nos
1506 1372 1626 1412 prae-
1654 1373 1675 1402 c

102 1474 151 1509 ad
175 1473 330 1519 tempus]
355 1473 430 1508 ‘fiir
449 1473 522 1508 den
536 1473 802 1518 Augenblick',

51 1532 113 1556 um
141 1520 200 1556 die
226 1520 363 1556 Romer
395 1532 437 1554 zu
469 1521 650 1556 tanachen
677 1523 723 1566 (3,
745 1525 802 1565 64,

52 1572 91 1611 4;
118 1572 335 1612 212514;
363 1571 599 1611 28,,425ιι.
627 1570 752 1613 431)

98 1616 344 1661 tranquilla]i
327 1595 456 1650 'Neuir
466 1615 576 1659 Plur„
592 1616 668 1651 scil.
686 1620 800 1652 erant.

99 1664 163 1698 vix
172 1665 275 1706 fama
286 1663 385 1708 belli]
396 1661 668 1708 Ube1t1e1buno
680 1663 803 1699 neben

52 1709 146 1756 Kap.
173 1714 230 1754 26,
251 1715 273 1745 4
300 1711 428 1745 bellum
454 1711 656 1745 mdcxistis.

99 1722 162 1793 26.
184 1762 214 1793 1.
235 1757 438 1804 patientia]
460 1757 800 1803 Unterwi’irfigkeit,

50 1804 287 1851 Hingebung.

99 1856 132 1887 2.
153 1863 228 1888 non
244 1853 488 1898 praecipiam]
513 1852 589 1887 ‘ich
604 1852 682 1887 will
696 1853 802 1888 nicht

369 1900 378 1916 ²
430 1903 449 1924 τ)

50 1901 704 1992 111εὲ18113,ιε-ιίιῖῖιιζὲιζ,
725 1899 802 1981 Εεῒ

52 1994 269 2040 ordnungen
305 1994 456 2038 treffen;
495 1995 591 2030 doch
623 1995 701 2029 will
734 1995 800 2030 Ca-

51 2041 177 2078 millus
208 2042 292 2077 dem
320 2041 435 2077 Senat
466 2042 525 2077 die
553 2041 801 2087 Gelegenheit

49 2100 94 2172 {a
120 2090 240 2125 einem
251 2088 350 2125 Akte
371 2090 435 2124 der
455 2089 570 2125 Milde
590 2089 697 2124 nicht
716 2100 798 2124 ver-

78 2139 197 2173 firzen.

98 2195 199 2229 quem
212 2184 413 2230 videbitur]
428 2201 471 2213 =
487 2196 588 2229 quem
609 2185 697 2219 dare
711 2184 800 2219 oder

49 2241 151 2277 quem
175 2232 339 2267 dandum
364 2242 435 2267 esse
460 2233 492 2266 ei
516 2232 708 2267 videbitur.

98 2283 130 2313 3.
155 2278 319 2325 senatus]
346 2279 411 2314 der
435 2290 552 2324 ganze
579 2278 798 2314 Gemeinde-

51 2326 119 2370 rat,
163 2325 269 2361 nicht
313 2325 409 2362 bloss
448 2325 530 2361 eine
568 2326 798 2371 Abordnung

51 2371 256 2409 desselben

96 2421 323 2466 hospitaliter
342 2422 458 2466 mayis
477 2432 585 2466 quam
604 2420 796 2465 hostiliter]

53 2465 179 2503 ‘mehr
221 2468 291 2504 wie
336 2467 584 2503 Gastfreunde
629 2468 684 2502 als
727 2467 798 2502 wie

49 2512 215 2551 Feinde'.
265 2514 394 2550 Livius
420 2515 513 2550 liebt
533 2515 653 2550 dieses
675 2515 798 2550 Wort-

51 2561 143 2606 spiel
169 2562 480 2607 (Paronomasie):
521 2567 558 2606 1,
583 2566 642 2605 12,
663 2565 684 2597 8
715 2573 797 2606 per-

50 2608 141 2652 fidos
164 2609 331 2654 hospites,
357 2610 512 2645 imbelles
532 2610 662 2651 hostes;
693 2614 722 2652 1,
739 2612 795 2652 58,

51 2657 74 2690 8
91 2655 201 2692 hostis
208 2667 279 2702 pro
299 2658 456 2702 hospite,
482 2660 538 2700 21,
560 2661 616 2700 24,
636 2660 658 2691 4
677 2657 796 2702 hospi-

50 2703 118 2737 tem
154 2704 249 2738 enim
284 2715 320 2739 se
360 2703 518 2748 Galliae,
555 2715 630 2740 non
665 2704 797 2739 hostem

51 2749 255 2794 advenisse;
279 2755 336 2791 23,
350 2755 406 2794 33,
423 2755 442 2786 7
468 2752 583 2787 hostes
591 2752 796 2796 pvohospz

51 2795 149 2832 tibus
179 2798 325 2833 comiter
355 2779 503 2841 ac'cepit
561 2797 621 2843 Vg
623 2797 646 2833 l.
674 2798 796 2833 Plaut.

51 2839 185 2879 Bacch.
211 2848 298 2888 253;
325 2843 397 2881 cie.
423 2844 519 2881 Phil.
548 2849 603 2890 12,
596 2810 667 2881 g27
696 2857 729 2880 u.
750 2844 796 2880 de

876 1473 949 1508 div.
977 1477 1010 1517 2,
1033 1477 1094 1516 793
1124 1474 1188 1509 Ov.
1217 1473 1314 1509 Fast.
1342 1477 1374 1517 2,
1397 1477 1464 1509 787
1491 1485 1524 1508 ιι.
1553 1474 1624 1509 He-

876 1520 967 1556 roid.
997 1524 1053 1564 17,
1071 1524 1126 1556 10.

922 1578 955 1610 4.
1006 1573 1185 1620 dictator]
1245 1573 1507 1619 Bezeichnung
1563 1574 1627 1609 des

874 1620 1056 1657 hochsten
1089 1621 1270 1656 Beamten
1308 1621 1384 1655 und
1422 1621 1628 1657 Feldherrn

873 1668 913 1702 in
933 1669 1004 1703 den
1023 1668 1249 1703 latinischen
1270 1667 1438 1712 St'adten,
1465 1667 1628 1704 welcher

875 1715 946 1750 den
984 1715 1250 1751 Gemeinderat
1288 1715 1628 1751 zusammenberuft

875 1763 949 1797 und
982 1763 1083 1798 seine
1118 1762 1340 1798 Beschh‘isse
1373 1763 1546 1798 ausffihrt
1577 1765 1626 1809 (3,

920 1864 1032 1910 sieut]
1060 1864 1094 1898 d.
1121 1862 1157 1898 h.
1185 1863 1324 1898 ebenso
1350 1863 1523 1899 friedlich
1549 1863 1626 1898 und

873 1910 912 1945 in
938 1910 1153 1946 demselben
1179 1911 1362 1956 Aufzuge.

920 1965 962 1998 in
987 1964 1176 2010 vestibulo]
1212 1964 1262 1998 Er
1288 1963 1432 2009 spricht
1458 1963 1537 1999 also
1563 1974 1623 1998 am

873 2010 1046 2056 Eingang
1089 2011 1154 2046 des
1193 2010 1406 2054 Ratsaales,
1448 2012 1626 2046 wahrend

873 2057 932 2093 die
959 2059 1117 2104 sibrigen
1139 2057 1371 2093 Tusculaner
1395 2058 1522 2094 hinter
1546 2058 1626 2093 ihm

871 2106 967 2141 noch
1007 2105 1046 2141 in
1084 2105 1150 2141 der
1187 2105 1367 2141 Vorhalle
1406 2106 1539 2141 stehen
1576 2109 1624 2150 (2,

872 2157 929 2194 48,
960 2156 1026 2197 10).

920 2207 1055 2241 armati
1075 2207 1291 2252 paratique]
1316 2205 1529 2242 ‘bewaffnet
1548 2206 1625 2241 und

871 2254 1076 2299 geriistet’3
1116 2254 1253 2289 ebenso
1293 2258 1349 2297 37,
1377 2258 1416 2297 5,
1443 2258 1474 2288 2.
1536 2253 1621 2298 Vgl.

871 2300 945 2336 Cic.
960 2300 1005 2337 de
1020 2301 1130 2336 domo
1147 2305 1189 2336 12
1202 2303 1331 2346 parati
1351 2305 1457 2346 atque
1476 2302 1621 2337 armati.

920 2358 951 2390 5.
990 2354 1127 2401 noster]
1166 2355 1231 2390 der
1270 2354 1489 2399 Optimaten
1533 2353 1623 2390 oder

870 2400 1065 2447 Adeligen.
1123 2403 1229 2437 Auch
1262 2403 1365 2437 sonst
1395 2402 1546 2437 werden
1584 2402 1623 2436 in

871 2449 943 2483 den
993 2448 1297 2484 Latinerst‘adten
1347 2448 1438 2484 zwei
1483 2448 1621 2483 St'ande

871 2495 1177 2539 unterschieden,
1216 2496 1276 2531 die
1315 2495 1504 2531 Nobilitat
1546 2495 1620 2530 und

871 2543 930 2578 die
957 2542 1079 2587 Plebs,
1112 2542 1182 2577 wie
1214 2542 1252 2578 in
1279 2543 1385 2578 Rom.
1439 2547 1469 2586 1,
1497 2546 1553 2585 28,
1583 2547 1619 2586 73

871 2595 903 2634 4,
925 2594 957 2634 9,
979 2593 1010 2625 8.

918 2644 1083 2688 auribus]
1121 2643 1194 2678 den
1224 2643 1419 2687 Aussagen
1453 2642 1516 2678 der
1550 2641 1620 2678 Ge-

870 2690 1065 2736 sangenen.
1119 2691 1215 2736 Kap.
1245 2694 1301 2734 25,
1326 2695 1355 2725 1.

918 2744 997 2790 ubi]
1039 2761 1083 2772 =
1120 2744 1191 2787 ibi,
1229 2744 1309 2786 ubi,
1338 2760 1382 2772 =
1408 2743 1510 2788 apud
1547 2753 1618 2787 eos,

870 2792 972 2836 apud
998 2801 1094 2835 quos.

916 2843 1094 2890 fecerunt]
1128 2843 1240 2879 naml.
1261 2844 1458 2889 quidquam
1483 2843 1619 2880 hostile.
