1794 3084
63 90 90 109 a.
111 83 164 109 Ch.
185 90 214 108 n.
235 82 296 109 353.

560 70 705 107 LIBER
733 71 811 107 VlI.
863 71 964 107 CAP.
994 75 1048 108 12.
1078 76 1130 107 13.

1572 74 1629 116 33

66 180 295 224 vociferari
328 195 379 222 ex
411 180 611 222 omnibus
644 181 760 235 locis,
792 182 841 222 ut
871 181 1083 235 extemplo
1111 181 1164 223 ad
1191 181 1444 223 dictatorem
1477 183 1630 237 iretur3

63 241 194 283 verba
232 254 310 295 pro
349 240 535 281 exercitu
579 239 740 281 faceret
779 238 873 282 Sex.
913 240 1096 295 Tullius,
1143 244 1191 282 ut
1238 241 1399 282 virtute
1440 242 1530 284 eius
1571 242 1631 284 di-

62 313 195 356 gnum
227 302 351 341 esset.

183 358 423 412 Septimum
455 358 643 413 primum
675 358 810 413 pilum
835 357 920 399 iam
947 358 1114 400 Tullius
1142 359 1336 414 ducebat,
1367 374 1506 415 neque
1533 363 1627 403 erat
1646 362 1700 404 13

62 418 107 459 in
139 418 347 469 exercitu,
379 418 451 472 qui
485 417 655 472 quidem
686 417 902 471 pedestria
934 417 1149 472 stipendia
1181 418 1370 473 fecisset,
1404 421 1469 461 vir
1500 420 1627 463 factis

62 477 261 519 nobilior.
317 477 354 518 is
386 476 646 531 praecedens
686 476 872 517 militum
905 490 1060 531 agmen
1087 478 1138 518 ad
1165 478 1356 520 tribunal
1383 479 1525 534 pergit
1551 480 1627 521 mi-
1654 492 1675 522 2

62 537 261 592 rantique
295 534 484 590 Sulpicio
518 550 607 577 non
639 536 812 577 turbam
850 536 990 590 magis
1031 551 1157 591 quam
1196 537 1348 578 turbae
1388 538 1628 594 principem

61 595 263 648 Tullium,
288 594 480 649 imperiis
508 594 935 636 oboedientissimum
962 595 1161 650 militem,
1193 595 1247 637 ‘si
1272 597 1384 650 licet,
1411 597 1623 651 dictator',
1653 611 1672 641 3

57 655 212 710 inquit,
238 653 584 696 econdemnatum
611 668 655 695 se
682 654 904 695 universus
927 655 1137 696 exercitus
1165 670 1190 696 a
1215 658 1258 696 te
1284 656 1483 711 ignaviae
1503 661 1624 699 ratus

59 716 102 756 et
132 728 266 768 prope
298 713 562 768 ignominiae
601 728 731 755 causa
770 712 1024 755 destitutum
1065 714 1156 755 sine
1196 715 1328 756 armis
1371 717 1510 757 oravit
1543 731 1624 771 me,

57 776 106 815 ut
139 787 261 815 suam
294 787 467 814 causam
501 772 614 827 apud
652 776 695 814 te
735 786 920 828 agerem.

59 847 170 886 sum,

58 894 252 946 possent,
292 893 440 932 tamen
470 891 552 932 hoc
586 906 610 932 a
642 893 684 933 te
716 891 939 945 impetrari
971 906 1155 946 aequum
1195 907 1430 948 censerem,
1468 896 1517 935 ut
1547 909 1626 936 nos

58 951 218 992 virtute
251 951 423 1005 culpam
456 953 653 992 nostram
685 951 897 1005 corrigere
925 954 967 992 et
994 951 1164 993 abolere
1191 952 1346 1007 flagitii
1372 954 1628 995 memoriam

58 1025 171 1052 nova
204 1009 344 1066 gloria
376 1010 598 1064 patereris.
642 1010 774 1051 etiam
801 1010 853 1051 ad
881 1009 1025 1052 Aliam
1057 1010 1177 1052 fusae
1209 1011 1403 1067 legiones
1436 1013 1626 1068 eandem,

63 1083 194 1124 quam
221 1083 299 1124 per
324 1083 528 1123 pavorem
555 1069 803 1123 amiserant,
835 1069 1020 1123 patriam
1048 1069 1268 1124 profectae
1294 1074 1447 1125 postea
1473 1087 1498 1113 a
1523 1071 1626 1114 Veis

56 1128 215 1170 virtute
241 1142 559 1183 recuperavere.
608 1128 734 1170 nobis
761 1128 886 1169 deum
913 1129 1194 1184 benignitate,
1220 1130 1424 1172 felicitate
1451 1133 1526 1173 tua
1551 1146 1626 1186 po-

59 1188 236 1243 pulique
268 1186 454 1229 Romani
487 1190 530 1229 et
567 1202 636 1229 res
675 1190 719 1229 et
757 1188 895 1243 gloria
933 1191 999 1230 est
1036 1189 1218 1244 integra.

1280 1204 1542 1246 quamquam
1574 1191 1625 1233 de

57 1247 197 1302 gloria
234 1247 306 1288 vix
347 1246 485 1288 dicere
524 1248 680 1299 ausim,
727 1247 763 1288 si
800 1262 878 1289 nos
919 1250 961 1289 et
1000 1247 1146 1290 hostes
1186 1248 1302 1290 haud
1343 1263 1462 1292 secus
1496 1265 1626 1305 quam

57 1306 238 1347 feminas
273 1305 441 1348 abditos
474 1306 592 1347 intra
624 1306 789 1348 vallum
822 1307 1020 1348 omnibus
1060 1309 1332 1350 contumeliis
1373 1309 1550 1351 eludunt
1583 1313 1626 1352 et

57 1368 106 1406 tu
143 1365 379 1431 imperator
416 1368 582 1419 noster,
614 1365 741 1432 quod
780 1366 949 1421 aegrius
988 1368 1197 1421 patimur,
1239 1368 1471 1410 exercitum
1503 1371 1627 1411 tuum

56 1425 149 1466 sine
182 1424 354 1479 animis,
393 1425 483 1466 sine
517 1424 666 1480 armis,
705 1426 796 1467 sine
840 1426 1039 1467 manibus
1072 1426 1234 1468 iudicas
1267 1441 1360 1469 esse
1394 1431 1455 1482 et,
1488 1429 1626 1483 prius-

104 1575 168 1611 13.
196 1579 226 1610 1.
251 1576 441 1622 septimum
461 1603 468 1611 .
489 1605 496 1612 .
520 1605 526 1612 .
547 1576 638 1622 iam]
668 1576 804 1611 ‘sehon

55 1635 139 1658 zum
165 1623 468 1667 siebentenmal’,
491 1623 525 1660 d.
546 1625 581 1659 h.
603 1623 715 1659 sehon
737 1625 802 1659 das

53 1670 221 1706 siebente
246 1671 346 1706 Jahr.

98 1720 263 1763 primum
276 1719 398 1763 pilum
414 1747 420 1754 .
437 1746 444 1753 .

57 1765 118 1801 die
150 1768 246 1801 erste
278 1766 512 1810 Kompagnie
545 1776 610 1809 an,
643 1766 677 1800 d.
699 1767 734 1801 h.
762 1777 801 1801 er

55 1823 132 1848 war
163 1813 338 1848 Centurio
377 1813 442 1847 der
480 1815 602 1848 ersten
627 1811 799 1849 Centurie

55 1861 175 1896 seiner
200 1860 359 1906 Legion,
393 1859 557 1895 ni'zmlich
588 1860 654 1895 der
680 1861 801 1896 ersten

56 1907 230 1943 Centurie
269 1909 333 1942 der
365 1907 544 1951 Triarier,
583 1907 709 1943 indem
740 1908 799 1943 die

55 1954 284 2000 Hauptleute
311 1955 376 1990 der
396 1954 558 1990 Triarier
578 1955 800 2001 denjenigen

56 2002 122 2037 der
152 2002 343 2047 Principes
373 2002 449 2037 und
475 2002 540 2037 der
567 2003 716 2037 Hastati
749 2004 800 2038 im

0 2063 3 2074 1
52 2050 182 2095 Range
196 2050 462 2094 vorangingen.
501 2049 693 2095 Vg1.Kap.
710 2054 798 2091 41,5

463 1745 469 1751 .
485 1719 652 1764 ducebat]
676 1718 800 1753 fiihrte

0 2102 5 2133 ζ
48 2098 195 2142 primus
225 2099 400 2140 centurio,
437 2109 539 2142 quem
566 2109 665 2133 nnnc
684 2099 801 2142 primi

0 2145 10 2196 ξ’
47 2145 123 2190 pili
154 2145 280 2190 (naml.
307 2146 564 2189 centurionem)
598 2146 796 2190 appellant.

54 2191 148 2227 Eine
192 2190 363 2227 Centurie
408 2191 522 2227 heisst
565 2197 668 2228 sonst
713 2194 801 2228 ordo

0 2237 11 2246 ⁰
55 2238 186 2285 (daher
210 2241 371 2275 ordinem
396 2241 525 2275 ducere
549 2244 581 2283 2,
603 2244 659 2284 23,
681 2245 701 2275 4
726 2241 801 2275 und

55 2290 88 2330 3,
109 2291 166 2331 44,
192 2288 244 2330 2),
277 2287 336 2322 die
369 2286 567 2322 Centurien
599 2288 664 2323 der
696 2287 800 2323 Tria-

0 2354 8 2381 ;
54 2334 129 2368 rier
155 2334 303 2369 werden
325 2334 420 2370 auch
440 2335 515 2379 pili
535 2337 700 2380 genannt
721 2336 799 2378 (da-

6 2403 15 2425 9
54 2381 122 2416 her
151 2383 310 2425 primum
338 2383 457 2426 pilum
482 2383 609 2417 ducere
641 2382 744 2417 Caes.
766 2388 798 2426 5,

55 2432 111 2472 35,
134 2433 172 2472 ὃς
200 2429 277 2464 Liv.
299 2433 355 2472 42,
376 2433 432 2472 34,
457 2431 525 2473 11).

104 2480 136 2511 3.
163 2477 195 2511 si
222 2477 318 2523 licet]
356 2476 468 2511 naml.
502 2476 625 2512 dicere
657 2477 746 2521 (vgl.
769 2481 802 2519 3,

57 2525 113 2567 71,
134 2525 169 2568 3)
195 2524 284 2558 oder
309 2525 421 2568 loqui,
449 2525 539 2558 ‘mit
565 2524 762 2559 Erlaubnis
778 2524 801 2559 ².

56 2569 140 2652 lVgl.
168 2571 247 2607 Ter.
275 2570 408 2607 Heaut.
430 2575 497 2606 973
524 2573 650 2607 licetne
673 2572 800 2615 (naml.

72 2619 199 2662 oquiJ‘?

90 2666 313 2709 iynominzae
321 2676 434 2701 causa
443 2666 670 2712 destitutum]
677 2665 801 2701 ‘bloss-

57 2713 241 2765 gestellt'.
305 2717 365 2756 10,
386 2717 419 2757 4,
439 2717 461 2748 4
497 2714 672 2754 cohortes,
711 2725 802 2758 quac

57 2759 164 2802 siqua
189 2761 538 2803 attiz'seratii‚esct1·a
564 2762 697 2796 vallum
723 2772 800 2796 sine

58 2807 222 2842 tentoriis
236 2808 426 2843 destitutas
443 2809 591 2844 2·m··.e›22t
619 2812 800 2853 27,13,9.

57 2850 139 2897 Vgl.
168 2853 258 2899 Kap.
282 2858 335 2898 10,
357 2859 388 2890 6.

129 2917 195 2946 Liv
216 2919 251 2945 B.
270 2921 294 2946 7.

923 1578 1001 1613 sine
1020 1578 1148 1623 armis]
1164 1578 1289 1613 indem
1304 1590 1375 1614 von
1391 1579 1462 1614 den
1478 1579 1625 1615 Waffen

876 1624 963 1660 kein
975 1625 1168 1660 Gebrauch
1183 1627 1359 1671 gemacht
1371 1627 1521 1662 werden
1541 1627 1627 1662 darf

875 1671 983 1718 (Kap.
1008 1677 1062 1713 12,
1084 1674 1154 1717 12).

921 1724 954 1754 4.
979 1721 1112 1765 sicubi]
1139 1721 1172 1755 si
1197 1720 1331 1765 geh6rt
1356 1733 1401 1756 zu
1426 1723 1521 1757 obici
1535 1733 1622 1767 pos-

872 1771 950 1802 sent
993 1768 1144 1812 (‘wenn
1182 1778 1269 1802 man
1307 1780 1375 1803 uns
1414 1770 1622 1805 vorwerfen

873 1813 1074 1859 ko'nnte'),
1115 1816 1246 1850 —cubi
1285 1818 1353 1861 (=
1379 1818 1538 1862 alicubi)
1579 1830 1623 1853 zu

875 1862 949 1897 loco
987 1873 1140 1905 cessum,
1176 1863 1268 1898 ‘von
1307 1863 1372 1898 der
1406 1864 1522 1900 Stelle
1561 1877 1622 1910 ge—

874 1909 1052 1953 wichen',
1079 1909 1116 1944 in
1142 1910 1207 1944 der
1234 1909 1419 1946 Schlacht.

921 1957 1075 2002 abolere]
1095 1957 1246 2002 ‘tilgen,
1262 1958 1481 1993 auslfischen
1494 1960 1519 1994 ’.
1548 1960 1621 1994 Das

874 2003 983 2038 &Vort
1009 2004 1124 2038 findet
1149 2004 1228 2039 sich
1255 2009 1378 2040 zuerst
1403 2007 1462 2041 bei
1490 2006 1621 2051 Vergil

872 2051 948 2085 und
975 2051 1103 2087 Livius
1129 2054 1176 2097 (3,
1198 2056 1253 2096 38,
1277 2057 1311 2094 7·
1350 2057 1402 2097 10,
1431 2059 1463 2098 4,
1491 2058 1529 2097 4;
1564 2059 1620 2097 25,

875 2103 911 2142 1,
940 2101 990 2143 7).

920 2150 951 2182 5.
974 2148 1157 2190 profectae
1183 2160 1206 2183 a
1238 2147 1330 2195 V'ezs]
1360 2149 1442 2195 Vgl.
1460 2153 1490 2192 5,
1507 2153 1562 2193 38,
1579 2153 1623 2193 9,

875 2197 930 2236 46,
953 2193 1060 2239 4fg.;
1088 2198 1145 2237 48,
1167 2198 1199 2230 5.

922 2221 1032 2288 ἦῆ(
1045 2222 1175 2277 [insere
1203 2242 1356 2278 Sache’.

921 2292 952 2324 6
974 2290 1208 2336 quamquam]
1231 2291 1369 2326 ‘doch’
1382 2291 1463 2335 ,im
1479 2291 1624 2326 berich-

873 2335 1051 2381 tigenden
1078 2338 1298 2382 Hauptsatz

905 2364 1058 2429 0'ausmil
1097 2385 1374 2421 altertiimliche
1405 2386 1514 2421 Form
1556 2386 1620 2422 des

878 2429 1140 2467 Coniunctiius
1154 2434 1382 2477 potentialis,
1406 2451 1449 2462 =
1469 2435 1624 2469 audeam

876 2478 1006 2522 (praef.
1025 2484 1060 2521 13
1088 2484 1119 2522 3,
1135 2483 1191 2522 23,
1207 2483 1243 2521 ’ἲς
1272 2484 1303 2523 5,
1326 2484 1358 2522 3,
1376 2484 1434 2524 10;
1464 2485 1495 2523 6,
1511 2485 1567 2524 40,
1583 2485 1620 2523 5,·

876 2528 932 2569 23,
957 2530 1011 2568 16,
1036 2531 1076 2561 15
1099 2528 1185 2570 εἴας
1213 2527 1287 2562 Cic.
1310 2528 1411 2562 Brut.
1436 2530 1502 2573 18).

876 2573 1088 2655 Ηοῑιιάιιηε]
1112 2577 1220 2609 unter
1239 2574 1339 2609 allen
1359 2575 1623 2619 moglichen

936 2619 1122 2656 ,hohnen
1148 2621 1320 2657 diirfen.

923 2669 1084 2702 aniffimes
1108 2695 1115 2703 .
1138 2696 1145 2702 .
1172 2670 1300 2715 arnus]
1328 2668 1622 2704 allitterierende

875 2713 1128 2759 Verbindung.
1168 2715 1253 2759 Vol.
1281 2717 1393 2751 armis
1419 2717 1623 2762 animisque

876 2765 994 2805 (6,24,
1019 2766 1059 2796 10
1086 2773 1120 2796 u.
1142 2766 1198 2805 29,
1220 2768 1260 2805 ‘23
1289 2767 1344 2805 31,
1366 2767 1422 2805 41,
1446 2765 1522 2808 13);
1548 2775 1622 2799 non

875 2810 1009 2853 animo,
1035 2821 1106 2845 non
1126 2822 1238 2845 armes
1258 2815 1313 2855 27,
1338 2815 1390 2853 16,
1415 2815 1454 2844 1·
1447 2839 1454 2851 ,
1482 2812 1623 2847 animo—

877 2868 955 2891 rum
971 2868 1220 2902 armorumque
1234 2861 1356 2901 28,14,
1367 2863 1398 2893 5.
1415 2858 1508 2904 Kap.
1522 2863 1578 2903 35,
1590 2862 1623 2895 8.

1320 2921 1340 2951 3

983 773 1198 829 equidem,
1237 774 1373 816 sicubi
1405 775 1500 817 loco
1534 790 1622 818 ces·
1649 788 1670 818 4

209 833 246 874 si
286 834 409 887 terga
448 831 550 873 data
587 832 722 884 hosti,
761 832 797 873 si
836 832 964 887 signa
1000 831 1123 874 foede
1157 833 1315 875 amissa
1358 834 1470 876 obici
1502 835 1626 878 nobis

1654 1025 1674 1056 5
