1794 3084
90 286 133 317 1ss

91 463 132 493 17

88 697 130 728 18

89 875 130 905 19

87 1051 132 1082 20

85 1169 127 1199 21

160 109 215 150 74
678 109 821 144 LIBER
845 108 942 144 VIII.
988 108 1088 144 CAP.
1109 112 1165 144 33.

1513 127 1538 146 a.
1557 128 1586 147 u.
1607 127 1631 146 c.
1650 121 1715 147 429.

159 232 245 259 non
285 217 423 258 solum
461 218 505 258 in
544 217 790 271 praesentia
828 216 1099 258 moderatum
1142 217 1230 258 irae
1276 231 1386 272 esse,
1428 231 1481 259 ne
1525 217 1625 272 quid
1665 218 1716 260 de

161 276 329 330 collega
368 290 490 317 secus
532 276 690 329 populo
729 277 805 316 aut
843 275 1012 316 senatui
1050 275 1272 330 scriberet,
1311 276 1402 330 sed,
1446 290 1542 318 eum
1582 291 1718 319 rever-

159 335 301 386 tisset,
343 334 619 388 potissimum
669 348 719 375 ex
767 334 952 375 tribunis
992 334 1289 376 consularibus
1328 333 1550 389 habuisse,
1593 349 1719 390 quem

162 408 210 435 ex
244 393 432 447 collegis,
476 393 650 447 optione
684 393 736 433 ab
777 395 926 434 senatu
965 393 1085 446 data,
1127 394 1290 434 socium
1331 394 1414 434 sibi
1445 394 1616 448 imperii
1647 394 1716 435 de-

160 452 326 506 ligeret.
387 466 488 492 nam
526 452 675 505 populi
715 451 903 506 quidem,
947 465 1078 506 penes
1120 466 1246 506 quem
1290 454 1482 506 potestas
1524 453 1718 494 omnium

158 525 298 552 rerum
341 513 469 563 esset,
514 524 567 551 ne
604 510 714 551 iram
754 510 925 564 quidem
963 525 1169 564 umquam
1209 511 1464 553 atrociorem
1500 510 1636 553 fuisse
1672 511 1718 553 in

159 584 250 623 eos,
290 569 362 623 qui
393 570 640 611 temeritate
674 572 805 623 atque
837 569 1010 610 inscitia
1042 569 1250 610 exercitus
1284 570 1548 623 amisissent,
1588 584 1716 624 quam

158 631 206 669 ut
231 627 414 681 pecunia
440 643 513 670 eos
539 629 758 682 multaret3
793 628 933 681 capite
966 628 1228 682 anquisitum
1262 627 1316 670 ob
1349 643 1439 670 rem
1466 629 1579 670 bello
1605 629 1718 670 male

159 690 328 741 gestam
369 686 419 727 de
457 687 716 741 imperatore
757 687 874 728 nullo
916 686 967 728 ad
1006 701 1101 728 eam
1139 687 1251 727 diem
1291 702 1394 728 esse.
1456 702 1568 729 nunc
1606 687 1719 729 duci·

158 746 238 786 bus
281 746 431 800 populi
469 745 672 799 Romani,
712 760 819 800 quae
857 760 910 786 ne
948 745 1071 787 victis
1111 746 1281 799 quidem
1318 746 1432 787 bello
1471 746 1536 788 fas
1574 746 1718 801 fuerit,

156 804 301 859 virgas
335 807 379 845 et
413 818 582 846 secures
615 805 853 846 victoribus
893 807 936 845 et
973 804 1232 845 iustissimos
1271 805 1436 846 meritis
1473 805 1716 860 triumphos

158 863 376 904 intentari.
434 863 535 917 quid
569 863 682 904 enim
715 863 888 904 tandem
920 877 1148 917 passurum
1180 863 1313 904 fuisse
1344 863 1481 905 filium
1515 878 1650 916 suum,
1681 863 1719 905 si

163 922 397 963 exercitum
429 922 662 976 amisisset,
696 923 731 963 si
763 921 903 975 fusus,
935 922 1128 976 fugatus,
1167 921 1319 963 castris
1352 924 1503 964 exutus
1534 922 1718 964 fuisset?

160 995 243 1035 quo
284 981 400 1022 ultra
438 981 547 1022 iram
585 981 918 1034 violentiamque
959 981 1048 1022 eius
1094 994 1364 1022 excessuram
1404 981 1557 1036 fuisse,
1594 996 1722 1036 quam

158 1042 207 1080 ut
256 1040 504 1081 verberaret
553 1040 837 1095 necaretque‘?
900 1054 1027 1093 quam
1078 1039 1334 1081 conveniens
1384 1054 1494 1090 esse,
1543 1042 1722 1094 propter

159 1098 206 1147 Q.
232 1097 415 1139 Fabium
450 1099 668 1140 civitatem
701 1099 747 1139 in
787 1099 972 1153 laetitia,
1011 1098 1210 1150 victoria,
1253 1098 1640 1152 supplicationibus
1673 1113 1723 1140 ac

158 1157 523 1212 gratulationibus
551 1172 656 1211 esse,
684 1171 793 1210 eum,
825 1159 1002 1211 propter
1028 1171 1149 1212 quem
1179 1157 1303 1198 deum
1330 1157 1505 1199 delubra
1532 1159 1721 1212 pateant,

160 1230 258 1256 arae
298 1216 517 1257 sacrificiis
556 1216 741 1270 fument,
784 1216 966 1269 honore,
1008 1216 1129 1257 donis
1175 1217 1466 1270 cumulentur,
1509 1216 1721 1258 nudatum

157 1274 292 1329 virgis
325 1275 507 1316 lacerari
533 1275 577 1315 in
604 1277 835 1328 conspectu
867 1275 1015 1328 populi
1046 1274 1243 1328 Romani,
1275 1274 1518 1316 intuentem
1546 1274 1722 1329 Capito-

155 1333 259 1374 lium
294 1336 421 1387 atque
455 1348 594 1375 arcem
627 1334 814 1387 deosque
847 1334 898 1374 ab
933 1348 977 1374 se
1010 1333 1174 1375 duobus
1209 1333 1384 1387 proeliis
1410 1334 1525 1375 haud
1557 1334 1721 1376 frustra

85 1411 105 1434 2
159 1391 420 1433 advocatos‘.>
462 1407 544 1446 quo
577 1392 620 1433 id
654 1392 796 1433 animo
833 1393 1076 1445 exercitum,
1109 1392 1181 1446 qui
1214 1392 1304 1433 eius
1337 1392 1466 1434 ductu
1501 1393 1723 1447 auspiciis-

157 1465 237 1505 que
264 1451 449 1504 vicisset,
482 1450 700 1492 laturum?
734 1465 859 1505 quem
887 1451 1050 1492 luctum
1076 1451 1121 1491 in
1154 1451 1307 1492 castris
1340 1450 1561 1505 Romanis,
1593 1466 1721 1506 quam

156 1509 369 1552 laetitiam
402 1510 513 1550 inter
545 1510 690 1551 hostes
722 1509 843 1550 fore‘?

202 1649 243 1683 in
266 1648 490 1694 praesentia]
518 1648 601 1693 Vgl.
622 1648 715 1693 Kap.
738 1652 770 1691 7,
791 1651 847 1683 22.

202 1696 291 1740 quid
316 1695 429 1740 secus]
457 1702 571 1729 etwas
598 1695 863 1739 Nachteiliges.

198 1743 352 1789 populo]
393 1741 570 1777 Camillus
605 1743 708 1777 hatte
745 1741 824 1777 sich
856 1753 903 1776 an

155 1789 356 1824 dieAdilen
377 1790 466 1823 oder
488 1788 781 1824 Volkstribunen
802 1800 902 1824 wen-

155 1837 226 1871 den
258 1837 424 1880 konnen,
457 1837 575 1871 damit
609 1836 648 1870 L.
675 1836 806 1870 Furius
837 1846 904 1870 vor

155 1883 220 1918 das
247 1883 513 1927 Volksgericht
543 1894 708 1927 gezogen
740 1883 816 1917 und
841 1883 903 1918 be-

155 1930 265 1965 straft
289 1930 414 1964 wfirde
440 1930 529 1974 (vgl.
550 1934 569 1972 ξ
593 1931 659 1975 17).

205 1982 257 2012 16.
280 1977 527 2022 potissimum]
548 1976 674 2011 Livius
694 1977 902 2021 gebraucht

156 2024 282 2059 diesen
327 2023 540 2068 Superlativ
584 2026 706 2058 zuerst
748 2025 787 2058 in
837 2023 902 2058 der

153 2072 270 2106 Prosa
313 2081 386 2104 von
428 2071 613 2106 Pers-ouen
658 2072 724 2115 (5,
752 2074 812 2114 12,
842 2074 901 2114 123

205 2128 386 2210 i7.⁷m)1m]
415 2164 667 2209 Begrtindung
693 2163 794 2198 eines
819 2175 902 2198 aus·

154 2211 375 2256 gelassenen
396 2211 634 2246 Gedankens:
662 2211 806 2245 Ebenso
823 2222 901 2246 ver-

154 2259 239 2292 fuhr
265 2257 331 2292 das
349 2258 446 2292 Volk
468 2259 560 2293 stets
580 2258 649 2292 mit
667 2257 896 2303 Massigung3

155 2305 252 2339 deun
279 2307 348 2339 etc.

202 2351 386 2397 multaret]
417 2352 463 2385 So
496 2351 621 2385 wurde
655 2354 723 2386 476
757 2364 790 2386 v.
818 2350 901 2385 Chr.

155 2399 197 2434 T.
208 2398 401 2432 Menenius
410 2397 579 2443 Agrippa
593 2398 662 2432 mit
675 2402 767 2432 2000
782 2398 900 2432 Assen

156 2445 307 2490 gebfisst
333 2445 397 2491 (2,
419 2448 482 2487 52,
503 2447 562 2488 5),
598 2448 666 2478 420
692 2457 724 2480 v.
753 2445 835 2479 Chr.
864 2444 899 2479 C.

157 2493 394 2537 Sempronius
420 2492 490 2526 mit
517 2495 631 2526 15000
653 2494 780 2526 Assen.

204 2539 338 2584 eapite]
368 2538 460 2572 ‘Auf
481 2539 540 2573 ein
560 2538 901 2582 Kapitalvergehen

154 2586 416 2620 untersuchen’
435 2585 547 2620 heisst
561 2587 695 2630 capitis
709 2586 902 2630 anquirere

155 2633 207 2677 (2,
223 2636 278 2676 52,
291 2634 325 2677 5)
352 2633 440 2667 oder
465 2633 583 2677 capite
608 2633 798 2677 anquirere
823 2632 901 2677 (26,

202 2681 335 2771 ccipite.
352 2754 359 2761 .
375 2725 478 2771 .esse]
505 2725 631 2769 Gegen
651 2726 692 2760 T.
708 2724 900 2760 Menenius

155 2772 286 2807 hatten
307 2771 508 2816 allerdings
530 2772 589 2807 die
606 2771 901 2807 Volkstribunen

158 2820 237 2853 eine
282 2819 546 2864 Kapitalklage
591 2819 768 2860 erhoben;
814 2819 902 2853 aber

158 2865 340 2901 nachdem
367 2867 432 2901 das
451 2865 551 2901 Volk
570 2865 636 2900 ihn
657 2865 828 2910 schuldig
848 2876 901 2900 er-

974 1647 1075 1682 kl'art
1100 1648 1217 1691 hatte,
1243 1647 1463 1691 begm'igten
1482 1647 1534 1682 sie
1555 1647 1633 1682 sich
1652 1647 1723 1682 mit

976 1694 1077 1729 einer
1102 1694 1253 1729 kleinen
1278 1694 1496 1729 Geldstrafe.

1025 1751 1078 1782 18.
1123 1747 1231 1793 quae]
1275 1747 1353 1782 scil.
1397 1748 1585 1782 intentari.
1642 1745 1718 1782 Das

976 1793 1159 1828 Neutrum
1220 1805 1312 1838 quae
1375 1795 1477 1829 steht
1536 1794 1721 1840 verallge-

976 1841 1168 1876 meinernd
1195 1842 1287 1876 statt
1312 1852 1412 1886 quas.

1023 1894 1144 1940 victis]
1171 1893 1402 1938 bedingend‚
1429 1911 1474 1922 =
1499 1894 1664 1937 ducibus,
1689 1894 1723 1929 si

975 1942 1063 1976 vieti
1088 1945 1209 1976 essent.

1022 1989 1081 2031 fas
1106 1988 1233 2033 fuerit]
1270 1987 1408 2023 direkt:
1447 1989 1507 2031 fas
1530 1988 1625 2032 fuit,
1651 1988 1720 2023 ‘er-

975 2034 1083 2070 laubt-
1107 2046 1278 2079 gewesen
1304 2034 1429 2070 w'are’.

1025 2091 1078 2122 19.
1106 2088 1250 2134 fuisset]
1268 2105 1311 2117 =
1326 2091 1422 2123 esset.
1436 2087 1521 2132 Vgl.
1537 2087 1629 2132 Kap.
1643 2091 1674 2131 2,
1691 2091 1722 2122 5.

1023 2143 1078 2175 20.
1104 2140 1276 2186 victoria]
1301 2139 1569 2185 ‘Siegesfeier’,
1596 2139 1723 2175 Grund

974 2199 1017 2221 zu
1044 2188 1194 2222 laetitia.

1021 2239 1347 2285 yratulatz'om'bus]
1368 2238 1723 2274 ‘Glfickwfinschun-

975 2298 1057 2332 gen,
1078 2286 1373 2329 Freudenfeste’‚
1398 2285 1658 2330 Bestimmung
1677 2298 1722 2320 zu

973 2332 1722 2378 supplicationibus:Gebetfeste’‚welche

975 2381 1069 2415 auch
1095 2380 1156 2415 bei
1180 2379 1372 2425 traurigen
1397 2379 1580 2415 Anl'assen
1614 2380 1721 2414 stati}-

974 2427 1098 2461 finden
1124 2427 1298 2462 konnten.

1022 2483 1077 2514 21.
1098 2480 1192 2525 eum]
1202 2479 1418 2524 Asyndeton
1429 2477 1718 2514 adversativum.

973 2527 1029 2561 Im
1043 2526 1180 2561 Deutsc
1187 2529 1256 2561 hen
1269 2526 1355 2561 tritt
1365 2526 1448 2561 eine
1462 2523 1719 2569 Konjunktion

974 2573 1084 2608 hinzu
1110 2573 1234 2618 (‘und‚
1262 2573 1382 2618 aber’)
1414 2573 1502 2607 oder
1533 2571 1598 2605 der
1623 2574 1720 2606 erste

975 2620 1055 2655 Teil
1081 2620 1173 2654 wird
1199 2618 1502 2664 untergeordnet.

1022 2674 1162 2707 duobus
1181 2672 1351 2718 proeliis]
1379 2671 1483 2705 Nach
1510 2670 1602 2714 Kap.
1624 2674 1681 2716 30,
1700 2674 1719 2705 7
1789 2711 1791 2713 ¹

974 2720 1024 2754 ist
1051 2719 1130 2754 dies
1156 2718 1393 2754 zweifelhaft.

1022 2775 1078 2806 22.
1106 2782 1174 2816 quo
1194 2772 1234 2806 id
1253 2770 1392 2815 animo]
1413 2770 1506 2804 statt
1516 2780 1585 2813 quo
1597 2771 1721 2805 animo

973 2819 1024 2862 id,
1051 2818 1136 2852 weil
1156 2817 1220 2852 der
1233 2817 1406 2852 Lateiner
1423 2816 1482 2851 die
1496 2815 1722 2851 Pronomina

974 2876 1065 2910 gern
1089 2862 1416 2899 zusammenstellt.
