1794 3084
158 75 216 117 50
662 74 805 109 LIBER
830 74 873 109 V.
918 73 1017 109 CAP.
1045 77 1100 108 25.
1127 77 1182 110 26.
1427 91 1451 109 a.
1471 92 1498 109 u.
1519 91 1542 110 e.
1563 85 1622 111 359.
1643 85 1709 111 360.

91 194 130 224 11
277 182 411 225 Simul
439 183 491 224 ab
512 182 719 237 religione
740 182 905 223 animos
924 182 1191 235 remiserunt,
1215 181 1436 236 integrant
1455 182 1706 224 seditionem

159 242 320 284 tribuni
357 242 515 297 plebis3
557 241 760 282 incitatur
795 240 1023 282 multitudo
1062 241 1106 282 in
1145 254 1293 282 omnes
1330 241 1562 296 principes,
1607 245 1706 283 ante

91 312 134 342 12
162 301 268 343 alios
307 302 351 342 in
384 300 629 342 Camillum:
669 313 765 340 eum
797 299 998 353 praedam
1030 298 1316 341 Veientanam
1348 300 1606 354 publicando
1639 315 1709 342 sa-

160 360 398 415 crandoque
432 358 485 400 ad
515 358 697 399 nihilum
729 358 956 413 redegisse.
1007 358 1207 400 absentes
1239 358 1437 400 ferociter
1468 359 1706 414 increpant3

161 419 463 473 praesentium,
491 431 585 458 cum
613 431 656 458 se
682 417 794 458 ultro
821 418 944 458 iratis
972 417 1186 471 offerrent,
1211 417 1509 459 verecundiam
1533 417 1710 460 habent.

92 488 133 518 13
161 478 286 519 simul
315 476 481 518 extrahi
506 490 597 517 rem
625 490 675 517 ex
701 490 750 517 eo
777 491 890 518 anno
918 476 1128 530 viderunt,
1159 476 1358 518 tribunos
1384 476 1522 530 plebis
1547 476 1706 518 latores

163 537 268 591 legis
299 537 342 576 in
375 549 534 576 annum
567 535 738 576 eosdem
769 535 973 577 reficiunt.
1019 538 1062 576 et
1086 538 1229 590 patres
1255 535 1337 576 hoc
1362 535 1470 576 idem
1501 534 1552 576 de
1577 535 1707 576 inter-

161 595 400 636 cessoribus
444 594 550 649 legis
596 593 747 635 adnisi.
808 594 869 635 ita
912 594 1074 636 tribuni
1117 594 1254 648 plebis
1299 607 1458 649 magna
1497 608 1548 635 ex
1586 596 1709 648 parte

162 653 290 695 iidem
321 652 481 695 refecti.

90 712 144 754 ‘26
279 711 475 754 Comitiis
505 711 776 753 tribunorum
801 711 986 753 militum
1010 714 1155 765 patres
1183 726 1349 754 summa
1375 726 1454 767 ope
1481 711 1712 766 evicerunt,

161 774 209 813 ut
247 771 304 812 Μ.
335 770 489 812 Furius
522 769 728 813 Camillus
773 773 1000 812 crearetur.
1072 774 1248 825 propter
1291 771 1404 812 bella
1448 770 1711 812 simulabant

160 831 305 885 parari
325 830 495 885 ducem3
514 829 587 871 sed
606 830 829 884 largitioni
848 829 1101 871 tribuniciae
1122 830 1390 871 adversarius
1410 829 1710 885 quaerebatur.

117 901 135 930 2
161 904 257 931 cum
284 888 464 931 Camillo
498 889 630 931 creati
662 888 824 929 tribuni
856 889 1041 929 militum
1074 889 1286 930 consulari
1312 890 1525 943 potestate
1551 887 1598 929 L.
1624 887 1709 930 Fu-

160 949 247 990 rius
285 947 545 989 Medullinus
586 950 772 1001 sextum,
814 945 860 988 C.
897 947 1124 1001 Aemilius,
1161 947 1208 988 L.
1240 947 1436 990 Valerius
1475 947 1712 1001 Publicola,

162 1006 231 1062 Sp.
257 1007 522 1061 Postumius,
553 1005 598 1048 P.
625 1005 850 1048 Cornelius
883 1007 1049 1047 iterum.

279 1066 494 1120 Principio
523 1066 625 1107 anni
649 1065 812 1107 tribuni
837 1065 976 1119 plebis
1002 1065 1110 1106 nihil
1136 1067 1375 1119 moverunt,
1400 1065 1534 1107 donec
1553 1064 1610 1106 M.
1630 1064 1711 1106 Fu-

160 1126 248 1167 rius
282 1124 492 1167 Camillus
524 1125 569 1166 in
598 1124 799 1178 Faliscos,
831 1125 898 1165 cui
929 1124 972 1166 id
1003 1124 1163 1166 bellum
1196 1124 1447 1166 mandatum
1474 1126 1580 1178 erat,
1612 1138 1711 1178 pro-

161 1184 433 1226 ficisceretur.
486 1184 716 1225 differendo
750 1183 900 1224 deinde
933 1184 1126 1239 elanguit
1157 1198 1245 1237 res,
1277 1186 1320 1224 ct
1351 1182 1552 1236 Camillo,
1583 1197 1711 1237 quem

114 1256 134 1285 4
161 1243 451 1285 adversarium
484 1243 668 1283 maxime
701 1245 953 1293 metuerant,
985 1243 1125 1297 gloria
1150 1243 1192 1283 in
1219 1242 1400 1284 Faliscis
1427 1242 1572 1283 crevit.
1606 1256 1710 1283 nam

161 1317 257 1345 cum
294 1302 432 1356 primo
471 1302 695 1343 moenibus
735 1316 778 1342 se
810 1302 955 1343 hostes
987 1303 1200 1353 tenerent,
1237 1301 1504 1343 tutissimum
1537 1301 1582 1342 id
1613 1300 1712 1354 rati,

161 1361 439 1417 populatione
466 1375 668 1416 agrorum
696 1363 822 1414 atque
848 1360 1056 1402 incendiis
1084 1360 1283 1401 villarum
1309 1361 1452 1414 coegit
1477 1374 1549 1401 eos
1570 1359 1714 1414 egredi

115 1432 134 1463 5
161 1421 277 1461 urbe.
341 1420 413 1461 sed
451 1420 584 1461 timor
620 1420 793 1474 longius
824 1420 1026 1474 progredi
1056 1419 1289 1473 prohibuit.
1352 1419 1467 1460 mille
1499 1419 1586 1460 fere
1617 1433 1713 1473 pas-

163 1494 286 1520 suum
320 1480 373 1520 ab
407 1479 563 1534 oppido
598 1481 738 1520 castra
769 1479 931 1532 locant,
969 1478 1089 1520 nulla
1119 1493 1163 1519 re
1197 1478 1284 1519 alia
1315 1478 1495 1520 fidentes
1527 1492 1576 1519 ea
1608 1478 1714 1519 satis

161 1541 258 1580 tuta
290 1552 380 1579 esse
414 1553 542 1593 quam
574 1537 826 1579 difficultate
859 1538 1000 1579 aditus
1034 1538 1196 1591 asperis
1224 1537 1576 1592 confragosisque
1602 1537 1716 1578 circa

211 1693 265 1724 11.
279 1690 403 1735 simul]
413 1690 690 1734 =simulaique,
701 1688 762 1723 bei
773 1688 899 1723 Cicero

162 1749 195 1773 u.
224 1736 337 1772 Casar
362 1738 499 1780 selten,
526 1736 587 1771 bei
612 1736 737 1771 Livius
762 1736 898 1781 h'aufig.

209 1832 439 1877 remiserunt]
481 1830 763 1866 ‘erleichtern’.
807 1829 900 1875 Kap.

163 1882 218 1922 4n
245 1882 278 1913 4.

210 1930 293 1960 ante
318 1926 425 1971 alios]
453 1942 497 1954 =
519 1929 666 1970 praeter
691 1929 828 1960 eeteros.

213 1977 267 2008 12.
287 1973 530 2018 publicando]
560 1971 645 2018 Vgl.
670 1972 763 2016 Kap.
792 1976 848 2015 22,
871 1976 900 2006 1.

210 2021 259 2054 ad
283 2020 438 2054 nihilum
463 2019 651 2064 redeyisse]
690 2018 806 2053 ‘habe
834 2050 839 2052 .
863 2047 869 2053 .
890 2047 898 2054 .

164 2066 231 2101 auf
250 2067 374 2101 nichts
398 2066 791 2111 heruntergebracht’.
816 2065 901 2111 Vgl.

163 2114 268 2148 Lucr.
298 2118 327 2156 1,
358 2117 423 2148 791
458 2125 502 2147 ue
532 2124 587 2148 res
613 2114 661 2148 ad
684 2114 801 2148 nilum
825 2114 902 2147 red-

162 2162 333 2206 marmur,-
369 2160 442 2195 Cic.
468 2160 562 2195 Phil.
592 2165 623 2203 7,
650 2164 693 2195 27
727 2161 775 2195 ad
804 2161 902 2195 nihi-

163 2209 238 2243 Ium
261 2208 425 2243 recidere.

214 2260 267 2290 13.
305 2256 347 2289 iu
378 2255 532 2300 annum]
573 2255 660 2289 ‘auf
693 2254 755 2289 ein
785 2254 898 2289 Jahr’

165 2304 330 2347 (4,25‚8
358 2305 532 2345 u.55‚6;
560 2305 766 2345 37‚2‚11½
793 2319 837 2330 ==
862 2303 904 2337 uz

163 2352 403 2394 insequentem
429 2361 567 2383 anuum
592 2352 638 2391 (3,
661 2353 715 2392 14,
737 2350 783 2393 6).

211 2397 352 2442 adnisi]
372 2397 441 2430 mit
459 2397 542 2430 dem
561 2395 699 2440 Objekt
716 2397 780 2431 hoe
799 2397 901 2430 idem.

165 2444 249 2489 Vgl.
270 2448 326 2487 22,
342 2447 397 2487 58,
412 2448 432 2477 3
454 2447 485 2477 et
503 2454 538 2478 se
557 2444 597 2478 id
616 2444 748 2486 adniti,
773 2447 815 2477 ut
835 2446 902 2479 etc.

166 2490 275 2526 Sonst
293 2491 386 2525 wird
406 2491 555 2525 adnitor
575 2492 762 2525 entweder
781 2490 850 2525 mit
863 2494 904 2524 ut

166 2539 276 2582 (ohne
295 2539 349 2582 id)
375 2538 603 2572 konstruiert
622 2537 725 2583 (Sall.
746 2537 823 2582 Iug.
846 2540 901 2580 85,

167 2589 204 2628 63
239 2585 377 2629 [dv.1,
403 2588 522 2628 9‚15;
556 2589 698 2629 6‚6‚9;
727 2587 903 2628 8,16,4χ

167 2633 257 2667 oder
287 2632 358 2667 mit
389 2633 472 2667 dem
497 2632 565 2666 Inf.
594 2633 700 2676 (Kap.
728 2636 784 2675 29,
807 2637 844 2675 13
871 2636 902 2675 9,

167 2683 304 2723 26,15;
334 2680 532 2723 10‚41‚7)

213 2727 316 2771 Kap.
343 2726 499 2761 26—28.
562 2725 648 2761 Das
686 2726 796 2761 Jahr
835 2729 903 2760 360

168 2774 243 2808 der
271 2774 400 2809 Stadt
426 2774 509 2817 (394
534 2785 568 2808 v.
590 2773 715 2817 Chr.):
743 2774 902 2808 Unter-

167 2821 369 2866 werfung
400 2832 484 2856 von
514 2820 701 2863 Falerii;
734 2821 904 2856 Absen-

973 1689 1090 1732 dung
1117 1689 1196 1723 des
1223 1687 1511 1723 Geschenkes
1535 1686 1606 1721 fiir
1631 1687 1716 1721 den

971 1735 1245 1781 pythischen
1265 1735 1448 1780 Apollo;
1473 1733 1615 1779 Krieg
1633 1733 1717 1768 mit

973 1783 1056 1817 den
1080 1783 1269 1827 Aquern.

1019 1829 1083 1866 26.
1124 1835 1152 1864 1.
1187 1830 1382 1876 crearetwr]
1415 1829 1529 1863 naml.
1556 1829 1713 1864 tertium.

972 1877 1057 1921 Vgl.
1084 1877 1176 1921 Kap.
1205 1881 1258 1920 14,
1281 1880 1311 1912 5.

1021 1925 1226 1970 laryitiom]
1250 1924 1505 1969 ‘Spendung’,
1526 1923 1560 1958 d.
1581 1923 1617 1957 h.
1637 1922 1713 1956 An-

973 1973 1058 2016 trag
1084 1972 1149 2006 auf
1164 1970 1384 2016 Verteilung
1403 1983 1476 2006 von
1496 1969 1713 2006 Staatsland

974 2018 1023 2052 im
1051 2018 1184 2053 Gebiet
1210 2030 1281 2054 von
1307 2019 1400 2063 Veji.

1023 2069 1054 2099 2.
1081 2065 1125 2099 L.
1153 2066 1313 2111 Furius]
1339 2064 1425 2110 Vgl.
1450 2064 1542 2109 Καρ.
1571 2067 1627 2108 14,
1648 2066 1680 2099 5.

1025 2111 1060 2148 G.
1087 2113 1280 2158 Aemilius]
1312 2111 1362 2146 Er
1394 2110 1605 2146 bekleidete
1631 2110 1713 2146 das-

975 2159 1075 2194 selbe
1100 2159 1189 2194 Amt
1215 2164 1299 2203 391,
1325 2160 1371 2194 L.
1404 2159 1572 2193 Valerius
1597 2157 1714 2203 (Sohn

975 2207 1039 2241 des
1065 2207 1104 2240 L.
1128 2207 1296 2242 Valerius
1322 2206 1483 2249 Potitus3
1509 2205 1601 2250 Kap.
1625 2208 1655 2249 1,
1675 2205 1713 2249 2)

976 2257 1354 2297 389‚387,383‚380.

1024 2301 1068 2334 P.
1092 2300 1294 2346 Cornelius]
1315 2301 1360 2336 ob
1381 2300 1505 2345 Scipio
1525 2299 1616 2335 oder
1632 2298 1714 2334 Cos-

975 2359 1035 2382 sus
1061 2349 1147 2392 (vgl.
1173 2348 1265 2393 Kap.
1294 2352 1350 2392 24,
1380 2349 1425 2392 1),
1461 2347 1511 2382 ist
1535 2346 1640 2381 nicht
1670 2357 1714 2380 zu

975 2396 1224 2430 entscheiden.

1023 2447 1054 2477 3.
1081 2443 1260 2489 elauyuit]
1291 2441 1432 2488 ‘geriet
1455 2441 1514 2476 ins
1541 2439 1715 2484 Stocken,

976 2489 1110 2524 schlief
1132 2490 1227 2525 ein'.
1268 2490 1341 2524 Das
1361 2489 1470 2524 Wort
1494 2488 1612 2522 findet
1635 2486 1714 2522 sich

975 2536 1080 2571 nicht
1105 2548 1170 2571 vor
1194 2537 1330 2571 Livius.

1024 2584 1192 2630 Camillo]
1213 2585 1296 2619 Dat.
1318 2594 1460 2625 comm,
1485 2579 1712 2616 nachdriick-

975 2631 1092 2666 licher
1117 2631 1171 2665 als
1197 2631 1261 2665 der
1286 2630 1374 2666 Gen.

1024 2683 1054 2712 5.
1076 2678 1270 2723 passuum]
1296 2677 1369 2712 Der
1388 2675 1476 2711 Gen.
1504 2675 1600 2710 nach
1618 2675 1716 2710 mille

976 2725 1091 2760 findet
1116 2724 1196 2759 sich
1223 2725 1282 2759 bei
1306 2723 1432 2759 Livius
1457 2722 1523 2758 oft.

1023 2772 1135 2818 circa]
1163 2789 1207 2801 =
1232 2773 1279 2807 iis
1316 2772 1450 2816 (locis),
1485 2780 1578 2815 quae
1615 2769 1714 2804 circa

976 2823 1089 2855 eraut.
