1794 3084
102 1143 159 1184 34

178 87 233 128 74
679 87 822 121 LIBER
848 86 925 121 Vll.
977 85 1078 121 CAP.
1105 90 1161 121 33.
1188 89 1242 122 34.

1527 102 1554 121 a.
1574 103 1603 121 u.
1624 102 1650 121 c.
1668 95 1732 122 411.

176 197 405 250 Samnites,
448 210 705 251 quamquam
737 195 863 249 plura
904 194 1119 249 accipiunt
1157 209 1285 250 quam
1322 193 1512 236 inferunt
1542 194 1731 236 vulnera.

106 269 146 300 13
175 256 434 311 aliquamdiu
456 257 541 296 iam
567 256 807 310 pugnatum
830 256 934 307 erat,
962 259 1085 296 atrox
1111 253 1260 295 caedes
1288 253 1398 294 circa
1423 252 1548 308 signa
1567 251 1727 295 Samni-

174 316 301 368 tium,
344 315 449 369 fuga
488 314 540 355 ab
581 313 802 354 nulladum
841 316 963 366 parte
1003 315 1114 366 erat3
1160 312 1264 354 adeo
1309 314 1445 354 morte
1489 312 1582 354 sola
1619 312 1731 354 vinci

106 387 149 417 14
175 375 495 417 destinaverant
527 373 694 414 animis.
745 372 889 426 itaque
916 372 1112 425 Romani,
1145 386 1240 413 cum
1267 373 1309 412 et
1334 371 1465 412 fluere
1496 370 1582 413 iam
1608 371 1732 413 lassi-

173 434 318 475 tudine
352 433 463 474 vires
498 432 707 473 sentirent
740 434 782 472 et
814 431 897 472 diei
930 430 1043 472 haud
1075 431 1259 472 multum
1292 444 1524 484 superesse,
1561 429 1730 472 accensi

104 506 146 535 15
174 494 238 534 ira
271 492 490 533 concitant
523 505 567 532 se
598 492 639 531 in
676 491 857 532 hostem.
902 492 994 530 tum
1027 491 1211 544 primum
1237 488 1386 531 referri
1417 488 1567 543 pedem
1600 491 1729 545 atque

171 551 367 593 inclinari
399 565 488 591 rem
513 550 556 591 in
587 550 736 604 fugam
763 549 978 603 apparuit3
1010 551 1103 590 tum
1130 549 1234 602 capi,
1267 548 1401 590 occidi
1427 546 1614 604 Samnis3
1638 562 1732 591 nec

174 609 489 664 superfuissent
521 609 666 663 multi,
704 608 749 649 ni
781 623 865 649 nox
902 608 1128 650 victoriam
1170 608 1308 662 magis
1347 621 1475 662 quam
1511 608 1733 662 proelium

106 682 148 713 16
176 669 428 710 diremisset.
480 671 522 709 et
553 667 739 709 Romani
771 667 1022 708 fatebantur
1055 681 1290 721 numquam
1323 681 1418 708 cum
1450 667 1734 720 pertinaciore

174 729 297 770 hoste
319 728 574 780 conflictum,
602 730 643 768 et
665 725 894 779 Samnites,
921 741 1017 767 cum
1046 728 1330 781 quaereretur,
1357 739 1567 780 quaenam
1592 726 1734 780 prima

106 800 148 830 17
176 802 303 829 causa
323 791 412 828 tam
433 787 676 828 obstinatos
697 786 907 827 movisset
921 786 966 826 in
985 785 1145 840 fugam,
1167 786 1311 828 oculos
1336 784 1416 826 sibi
1431 783 1733 827 Romanorum

175 847 322 888 ardere
355 847 469 887 visos
503 845 677 886 aiebant
717 859 981 899 vesanosque
1021 845 1163 885 vultus
1204 847 1246 886 et
1284 843 1469 885 furentia
1507 858 1601 899 ora3
1635 844 1732 886 inde

174 907 269 960 plus
303 920 430 960 quam
464 920 514 945 ex
547 904 632 945 alia
664 904 754 945 ulla
779 919 823 945 re
849 904 1025 945 terroris
1053 905 1207 945 ortum.
1259 917 1383 958 quem
1409 905 1617 944 terrorem
1646 918 1734 945 non

174 979 344 1020 pugnae
378 964 515 1006 solum
548 966 720 1016 eventu,
762 962 835 1004 sed
866 966 1076 1004 nocturna
1106 962 1370 1016 profectione
1404 961 1589 1004 confessi
1621 965 1733 1004 sunt.

105 1036 147 1066 18
175 1029 346 1078 postero
385 1023 450 1064 die
488 1023 631 1064 vacuis
674 1022 863 1063 hostium
903 1023 1054 1063 castris
1092 1021 1311 1063 Romanus
1349 1021 1533 1076 potitur,
1571 1036 1655 1076 quo
1689 1036 1733 1064 se

175 1084 313 1124 omnis
348 1081 664 1136 Campanorum
698 1081 928 1123 multitudo
963 1081 1282 1136 gratulabunda
1315 1079 1472 1122 effudit.

293 1141 492 1184 Ceterum
534 1141 617 1182 hoc
662 1140 865 1195 gaudium
914 1154 1072 1193 magna
1121 1154 1253 1194 prope
1304 1139 1423 1181 clade
1467 1138 1511 1180 in
1557 1137 1732 1181 Samnio

173 1201 394 1242 foedatum
438 1203 513 1241 est.

576 1215 677 1240 nam
716 1200 768 1240 ab
816 1198 1007 1240 Saticula
1057 1198 1274 1254 profectus
1320 1197 1540 1241 Cornelius
1585 1199 1734 1240 consul

175 1261 407 1302 exercitum
439 1260 609 1300 incaute
647 1259 690 1299 in
730 1258 889 1299 saltum
929 1273 1034 1300 cava
1066 1258 1176 1299 valle
1215 1257 1409 1313 pervium
1447 1257 1642 1313 circaque
1668 1258 1731 1299 in-

127 1330 146 1360 2
176 1334 340 1360 sessum
381 1319 433 1359 ab
473 1318 597 1360 hoste
636 1317 801 1359 induxit
842 1331 918 1358 nec
950 1317 1088 1372 prius,
1133 1331 1261 1371 quam
1306 1317 1438 1370 recipi
1475 1319 1569 1358 tuto
1609 1316 1733 1372 signa

126 1390 146 1420 3
175 1393 260 1419 non
293 1381 504 1432 poterant,
536 1377 831 1418 imminentem
864 1377 994 1430 capiti
1020 1376 1191 1418 hostem
1217 1376 1337 1417 vidit.
1388 1376 1487 1417 dum
1519 1375 1562 1416 id
1588 1390 1733 1417 morae

223 1498 275 1528 13.
304 1492 509 1539 nulladum]
540 1492 651 1527 ‘noch
677 1492 834 1535 keiner’,
857 1492 917 1526 ein

172 1541 412 1576 livianisches
432 1540 539 1575 Wort
559 1542 746 1584 (3,50,16;
767 1542 916 1583 5‚34,6;

174 1592 343 1632 9,12,3;
371 1591 426 1629 29,
450 1593 503 1629 11,
528 1589 571 1631 1).

220 1635 324 1681 adeo]
355 1636 436 1680 Vgl.
464 1635 556 1679 Kap.
581 1638 611 1679 7,
632 1638 663 1670 2.

220 1684 490 1718 destinaverant
506 1683 654 1725 animis]
676 1682 827 1716 ‘hatten
847 1681 917 1715 den

171 1730 291 1765 festen
310 1729 526 1764 Entsc'nluss
547 1728 709 1774 gefasst’.
745 1728 917 1763 Dieselbe

173 1777 508 1821 Wendung9,16‚9
527 1788 560 1811 u.
577 1780 739 1817 28,24‚3.
772 1776 916 1810 Ebenso

172 1826 374 1860 destinatus
394 1825 515 1859 animo
531 1827 585 1866 27,
602 1828 659 1866 47,
675 1827 695 1858 9
716 1823 791 1857 und
808 1823 915 1857 zwei<

171 1873 246 1906 nial
283 1873 484 1907 destinatus
516 1872 557 1906 in
583 1871 704 1906 animo
731 1874 782 1915 (6,
811 1875 848 1914 6,
877 1874 915 1913 7,

173 1923 235 1957 21,
256 1923 319 1961 44,
341 1922 388 1962 9).

221 1970 274 2001 14.
293 1966 415 2011 fluere]
431 1965 656 2008 schwinden‚
673 1965 814 2000 sinken.
830 1964 915 2010 Vgl.

172 2013 264 2057 Kap.
287 2017 342 2056 29,
364 2017 395 2047 5.

219 2063 404 2095 concitant
448 2060 499 2105 se]
546 2059 661 2093 raffen
711 2058 790 2093 sich
840 2057 914 2102 auf,

173 2106 310 2142 werfen
337 2106 425 2142 sich.

223 2158 277 2189 15.
310 2154 440 2194 refei‘ri
471 2153 613 2198 pedem]
653 2151 915 2187 militarischer

173 2202 369 2235 Ausdruck
402 2200 461 2234 fiir
493 2201 558 2235 das
591 2199 916 2243 Zuriickweichen‚

173 2248 227 2282 oft
252 2247 311 2283 bei
336 2247 461 2281 Livius
489 2249 540 2290 (2,
562 2251 624 2288 20,
648 2252 663 2281 1
692 2247 767 2281 und
793 2251 856 2290 64,
877 2251 914 2289 63

173 2300 206 2337 3,
228 2299 283 2338 22,
305 2299 324 2329 6
347 2295 419 2329 und
440 2298 494 2336 60,
519 2298 558 2327 11
581 2295 679 2337 etc.),
705 2294 916 2329 wechselnd

172 2341 242 2376 mit
267 2343 399 2385 referre
423 2341 577 2385 yradum
603 2343 650 2384 (2,
671 2345 779 2383 65,4;
804 2345 836 2383 3,
859 2344 913 2383 70,

172 2393 193 2424 8
215 2402 249 2424 u.
273 2392 330 2433 a.).
382 2389 455 2423 Das
489 2387 684 2431 Gegenteil
714 2388 763 2422 ist
788 2389 916 2432 pedem

175 2437 264 2471 oder
282 2437 437 2482 yradum
456 2436 591 2478 inferre
610 2436 696 2480 (vgl.
713 2434 805 2479 Kap.
822 2440 853 2477 S,
869 2438 914 2477 3).

223 2487 276 2518 16.
291 2485 454 2518 movisset
470 2484 508 2517 in
523 2483 664 2527 saxam]
686 2482 696 2497 ‘
707 2493 768 2515 zur
782 2481 917 2516 Flucht

173 2531 366 2574 bewogen,
384 2530 607 2571 vermocht’3
629 2530 804 2572 movisset,
820 2529 914 2563 ohne

173 2579 214 2612 in
228 2578 365 2622 fuyam,
386 2576 502 2612 hiesse
516 2591 523 2611 :
547 2577 644 2611 ‘zum
657 2575 838 2611 Weichen
854 2586 915 2620 ge-

173 2625 307 2659 bracht
333 2625 472 2659 hatte'.

222 2675 276 2706 17.
289 2672 429 2717 ardere]
440 2671 522 2716 Vgl.
534 2675 565 2712 6,
578 2675 631 2714 13,
642 2673 662 2704 2
675 2670 915 2715 (Volscorum)

174 2720 367 2753 multitudo
474 2719 616 2763 yladios
665 2721 696 2752 et
745 2717 915 2752 collatum

168 2766 294 2809 pedem
313 2770 345 2801 et
363 2767 503 2800 vultum
521 2766 631 2800 hos-tis
651 2765 779 2799 ardore
798 2764 916 2799 animi

173 2813 363 2847 micantem
388 2813 481 2855 ferre
507 2823 581 2846 non
600 2813 733 2856 potuit.

220 2870 368 2895 vesanos
395 2859 481 2905 etc]
514 2858 582 2893 Die
610 2858 819 2903 Gesichter,
847 2857 914 2892 Ge-

991 1491 1200 1536 sichtszflge
1214 1491 1358 1536 zeigten
1373 1491 1442 1526 den
1455 1490 1652 1526 Ausdruck
1667 1491 1731 1526 des

990 1538 1230 1581 Wahnsinns,
1252 1539 1316 1573 der
1329 1538 1443 1572 Mund
1464 1538 1537 1572 den
1552 1538 1616 1573 der
1630 1538 1730 1574 Wut.

1040 1591 1093 1621 18.
1126 1585 1257 1631 omnis]
1298 1587 1371 1620 Das
1409 1584 1518 1620 Wort
1551 1586 1734 1630 gestattet

991 1632 1111 1676 nicht,
1150 1644 1197 1667 an
1229 1634 1288 1668 die
1315 1632 1518 1667 Bewohner
1543 1643 1616 1667 von
1640 1644 1733 1678 ganz

991 1679 1217 1725 Campanien
1248 1692 1291 1714 zu
1323 1680 1486 1722 denken;
1518 1680 1608 1714 aber
1637 1680 1734 1715 auch

990 1728 1051 1762 bei
1089 1727 1382 1771 Beschrankung
1422 1726 1489 1762 auf
1535 1727 1594 1762 die
1643 1726 1732 1761 Ein-

989 1776 1139 1810 wohner
1153 1773 1373 1820 vonnCapua
1392 1774 1537 1809 enthalt
1550 1785 1588 1809 es
1601 1773 1734 1809 immer

990 1823 1086 1857 noch
1113 1823 1194 1857 eine
1221 1821 1512 1865 Ubertreibung3
1545 1822 1643 1856 denn
1668 1821 1734 1857 der

992 1870 1135 1904 Gaurus
1155 1870 1203 1903 ist
1226 1880 1297 1904 von
1323 1868 1450 1913 Capua
1469 1873 1514 1904 30
1529 1869 1734 1904 Kilometer

991 1918 1030 1962 (4
1054 1916 1255 1961 geograph.
1282 1915 1432 1961 Meilen)
1461 1916 1635 1952 entfernt.

1038 1965 1141 2008 Kap.
1168 1962 1323 1999 34—37
1335 1988 1347 2010 ‚
1369 1967 1401 1998 3.
1453 1964 1537 1998 Der
1561 1963 1732 1998 Konsul

990 2011 1130 2045 Aulus
1166 2011 1191 2046 C
1203 2010 1403 2045 ornelius
1431 2009 1592 2045 Cossus
1623 2010 1732 2045 wird.

989 2070 1082 2093 von
1150 2058 1237 2092 den
1306 2057 1561 2092 Samniten
1629 2058 1732 2092 ein-

988 2105 1303 2148 geschlossen,
1336 2105 1442 2139 aber
1474 2105 1614 2139 durch
1646 2105 1732 2139 den

988 2152 1315 2197 Kriegstribun
1366 2152 1405 2186 P.
1451 2150 1613 2186 Decius
1658 2163 1730 2197 ge-

988 2200 1132 2234 rettet
1150 2199 1238 2233 und
1259 2199 1442 2234 erobert
1461 2199 1541 2234 mit
1561 2199 1731 2234 diesem

989 2247 1067 2281 das
1094 2245 1390 2280 samnitische
1416 2247 1567 2290 Lager.

1036 2293 1100 2328 34.
1121 2297 1152 2327 1.
1192 2293 1393 2339 foedatum]
1437 2292 1606 2338 getrfibt‚
1649 2304 1730 2328 ver—

986 2340 1186 2375 ksimmert.

1035 2388 1080 2423 ab
1107 2387 1290 2433 Saticula]
1317 2377 1372 2422 v⁶vo
1393 2397 1432 2421 er
1451 2387 1509 2422 ein
1528 2386 1649 2433 Lager
1667 2397 1730 2433 ge-

987 2434 1080 2470 habt
1105 2435 1209 2469 hatte
1236 2435 1343 2479 (Kap.
1366 2438 1422 2477 32,
1442 2435 1490 2478 2).

1036 2493 1126 2516 cava
1139 2482 1232 2516 valle
1239 2481 1422 2527 pervium]
1440 2480 1596 2516 welches
1612 2480 1728 2515 durch
1793 2494 1794 2528 3

990 2529 1071 2564 eine
1085 2529 1174 2563 tiefe
1189 2528 1454 2563 Thalschlucht
1468 2529 1574 2563 einen
1585 2527 1728 2563 Durch-

991 2587 1089 2621 gang
1114 2576 1318 2620 gewahrte.

1035 2627 1066 2657 2.
1077 2623 1262 2668 poterant]
1279 2622 1427 2667 Vg1.23‚
1439 2626 1494 2664 30,
1509 2625 1531 2656 4
1550 2633 1614 2657 nec
1632 2625 1728 2665 ante,

987 2682 1094 2715 quam
1125 2671 1218 2705 vires
1255 2670 1304 2704 ad
1340 2670 1511 2704 standum
1542 2670 1583 2703 in
1613 2670 1729 2704 mwris

987 2718 1205 2761 ferendaque
1225 2727 1330 2751 arma
1352 2717 1512 2758 deerant,
1529 2716 1730 2760 expuynati

986 2767 1091 2807 sunt‚·
1117 2768 1172 2806 48,
1195 2767 1212 2797 1
1238 2774 1303 2798 nec
1322 2767 1405 2797 ante
1424 2763 1573 2798 violavit
1598 2773 1728 2807 agrum

990 2810 1226 2854 Campanum,
1251 2821 1359 2854 quam
1378 2810 1474 2844 altae
1493 2810 1534 2843 in
1552 2810 1728 2854 segetibus

986 2858 1115 2892 herbae
1143 2857 1319 2902 pabulum
1345 2856 1518 2901 praebere
1542 2860 1726 2901 poterant.
