<?xml version="1.0" encoding="UTF-8"?>
<!DOCTYPE html PUBLIC "-//W3C//DTD XHTML 1.0 Transitional//EN"
    "http://www.w3.org/TR/xhtml1/DTD/xhtml1-transitional.dtd">
<html xmlns="http://www.w3.org/1999/xhtml" xml:lang="en" lang="en">
 <head>
  <title>
</title>
<meta http-equiv="Content-Type" content="text/html;charset=utf-8" />
  <meta name='ocr-system' content='tesseract 3.04.00' />
  <meta name='ocr-capabilities' content='ocr_page ocr_carea ocr_par ocr_line ocrx_word'/>
</head>
<body>
  <div class='ocr_page' id='page_1' title='image "./aburbeconditali00livyuoft_0393.png"; bbox 0 0 1794 3084; ppageno 0'>
   <div class='ocr_carea' id='block_1_1' title="bbox 117 132 350 159">
    <p class='ocr_par' dir='ltr' id='par_1_1' title="bbox 117 132 350 159">
     <span class='ocr_line' id='line_1_1' title="bbox 117 132 350 159; baseline 0 -1"><span class='ocrx_word' id='word_1_1' title='bbox 117 139 146 158; x_wconf 74' lang='lat' dir='ltr'>a.</span> <span class='ocrx_word' id='word_1_2' title='bbox 168 132 218 159; x_wconf 87' lang='lat' dir='ltr'>Ch.</span> <span class='ocrx_word' id='word_1_3' title='bbox 238 139 268 158; x_wconf 90' lang='lat' dir='ltr'>n.</span> <span class='ocrx_word' id='word_1_4' title='bbox 289 132 350 158; x_wconf 80' lang='lat'>325.</span> 
     </span>
    </p>
   </div>
   <div class='ocr_carea' id='block_1_2' title="bbox 620 119 1683 161">
    <p class='ocr_par' dir='ltr' id='par_1_2' title="bbox 620 119 1683 161">
     <span class='ocr_line' id='line_1_2' title="bbox 620 119 1683 161; baseline 0.004 -4"><span class='ocrx_word' id='word_1_5' title='bbox 620 122 766 158; x_wconf 85' lang='lat' dir='ltr'>LIBER</span> <span class='ocrx_word' id='word_1_6' title='bbox 791 122 889 158; x_wconf 85' lang='lat' dir='ltr'><strong>VIII.</strong></span> <span class='ocrx_word' id='word_1_7' title='bbox 935 122 1036 159; x_wconf 83' lang='lat' dir='ltr'>CAP.</span> <span class='ocrx_word' id='word_1_8' title='bbox 1058 125 1114 157; x_wconf 78' lang='lat'>32.</span> <span class='ocrx_word' id='word_1_9' title='bbox 1142 125 1196 157; x_wconf 87' lang='lat'>33.</span> <span class='ocrx_word' id='word_1_10' title='bbox 1631 119 1683 161; x_wconf 78' lang='grc'>71</span> 
     </span>
    </p>
   </div>
   <div class='ocr_carea' id='block_1_3' title="bbox 119 229 1688 403">
    <p class='ocr_par' dir='ltr' id='par_1_3' title="bbox 119 229 1688 403">
     <span class='ocr_line' id='line_1_3' title="bbox 119 229 1688 285; baseline -0.003 -12"><span class='ocrx_word' id='word_1_11' title='bbox 119 230 226 274; x_wconf 80' lang='lat' dir='ltr'>alibi</span> <span class='ocrx_word' id='word_1_12' title='bbox 258 230 400 271; x_wconf 90' lang='lat' dir='ltr'>minae</span> <span class='ocrx_word' id='word_1_13' title='bbox 433 229 725 272; x_wconf 79' lang='lat' dir='ltr'><strong>audiebantur.</strong></span> <span class='ocrx_word' id='word_1_14' title='bbox 766 231 838 285; x_wconf 89' lang='lat' dir='ltr'>qui</span> <span class='ocrx_word' id='word_1_15' title='bbox 873 231 1058 285; x_wconf 87' lang='lat' dir='ltr'><strong>proximi</strong></span> <span class='ocrx_word' id='word_1_16' title='bbox 1089 230 1202 272; x_wconf 87' lang='lat' dir='ltr'>forte</span> <span class='ocrx_word' id='word_1_17' title='bbox 1228 229 1437 271; x_wconf 90' lang='lat' dir='ltr'>tribunali</span> <span class='ocrx_word' id='word_1_18' title='bbox 1464 230 1688 282; x_wconf 86' lang='lat' dir='ltr'>steterant,</span> 
     </span>
     <span class='ocr_line' id='line_1_4' title="bbox 120 287 1688 345; baseline -0.002 -14"><span class='ocrx_word' id='word_1_19' title='bbox 120 290 222 345; x_wconf 91' lang='lat' dir='ltr'>quia</span> <span class='ocrx_word' id='word_1_20' title='bbox 260 289 442 331; x_wconf 91' lang='lat' dir='ltr'>subiecti</span> <span class='ocrx_word' id='word_1_21' title='bbox 484 289 619 330; x_wconf 90' lang='lat' dir='ltr'>oculis</span> <span class='ocrx_word' id='word_1_22' title='bbox 659 289 934 343; x_wconf 88' lang='lat' dir='ltr'>imperatoris</span> <span class='ocrx_word' id='word_1_23' title='bbox 978 289 1187 332; x_wconf 77' lang='lat' dir='ltr'>noscitari</span> <span class='ocrx_word' id='word_1_24' title='bbox 1224 290 1446 343; x_wconf 87' lang='lat' dir='ltr'>poterant,</span> <span class='ocrx_word' id='word_1_25' title='bbox 1491 287 1688 341; x_wconf 89' lang='lat' dir='ltr'>orabant,</span> 
     </span>
     <span class='ocr_line' id='line_1_5' title="bbox 120 346 1686 403; baseline -0.001 -14"><span class='ocrx_word' id='word_1_26' title='bbox 120 352 168 390; x_wconf 90' lang='lat' dir='ltr'>ut</span> <span class='ocrx_word' id='word_1_27' title='bbox 205 350 402 403; x_wconf 88' lang='lat' dir='ltr'>parceret</span> <span class='ocrx_word' id='word_1_28' title='bbox 441 348 650 403; x_wconf 86' lang='lat' dir='ltr'>magistro</span> <span class='ocrx_word' id='word_1_29' title='bbox 698 349 890 403; x_wconf 86' lang='lat' dir='ltr'>equitum</span> <span class='ocrx_word' id='word_1_30' title='bbox 928 363 1011 390; x_wconf 89' lang='lat' dir='ltr'>neu</span> <span class='ocrx_word' id='word_1_31' title='bbox 1055 363 1150 390; x_wconf 87' lang='lat' dir='ltr'>cum</span> <span class='ocrx_word' id='word_1_32' title='bbox 1197 363 1246 390; x_wconf 93' lang='lat' dir='ltr'>eo</span> <span class='ocrx_word' id='word_1_33' title='bbox 1291 347 1525 389; x_wconf 87' lang='lat' dir='ltr'>exercitum</span> <span class='ocrx_word' id='word_1_34' title='bbox 1570 346 1686 387; x_wconf 90' lang='lat' dir='ltr'>dam-</span> 
     </span>
    </p>
   </div>
   <div class='ocr_carea' id='block_1_4' title="bbox 119 406 1756 462">
    <p class='ocr_par' dir='ltr' id='par_1_4' title="bbox 119 406 1756 462">
     <span class='ocr_line' id='line_1_6' title="bbox 119 406 1756 462; baseline -0.001 -13"><span class='ocrx_word' id='word_1_35' title='bbox 119 410 261 462; x_wconf 82' lang='lat' dir='ltr'>naret3</span> <span class='ocrx_word' id='word_1_36' title='bbox 312 410 502 449; x_wconf 85' lang='lat' dir='ltr'>extrema</span> <span class='ocrx_word' id='word_1_37' title='bbox 546 407 689 449; x_wconf 90' lang='lat' dir='ltr'>contio</span> <span class='ocrx_word' id='word_1_38' title='bbox 735 410 778 448; x_wconf 90' lang='lat' dir='ltr'>et</span> <span class='ocrx_word' id='word_1_39' title='bbox 818 408 929 449; x_wconf 86' lang='lat' dir='ltr'>circa</span> <span class='ocrx_word' id='word_1_40' title='bbox 973 407 1155 449; x_wconf 89' lang='lat' dir='ltr'>Fabium</span> <span class='ocrx_word' id='word_1_41' title='bbox 1201 407 1355 462; x_wconf 84' lang='lat' dir='ltr'>globus</span> <span class='ocrx_word' id='word_1_42' title='bbox 1399 406 1688 460; x_wconf 70' lang='lat' dir='ltr'>increpabant</span> <span class='ocrx_word' id='word_1_43' title='bbox 1714 416 1756 447; x_wconf 90' lang='lat'>13</span> 
     </span>
    </p>
   </div>
   <div class='ocr_carea' id='block_1_5' title="bbox 119 465 1685 520">
    <p class='ocr_par' dir='ltr' id='par_1_5' title="bbox 119 465 1685 520">
     <span class='ocr_line' id='line_1_7' title="bbox 119 465 1685 520; baseline -0.001 -12"><span class='ocrx_word' id='word_1_44' title='bbox 119 466 421 508; x_wconf 88' lang='lat' dir='ltr'>inclementem</span> <span class='ocrx_word' id='word_1_45' title='bbox 454 466 709 508; x_wconf 88' lang='lat' dir='ltr'>dictatorem</span> <span class='ocrx_word' id='word_1_46' title='bbox 742 481 820 508; x_wconf 87' lang='lat' dir='ltr'>nec</span> <span class='ocrx_word' id='word_1_47' title='bbox 853 467 1003 520; x_wconf 89' lang='lat' dir='ltr'>procul</span> <span class='ocrx_word' id='word_1_48' title='bbox 1037 467 1245 508; x_wconf 84' lang='lat' dir='ltr'>seditione</span> <span class='ocrx_word' id='word_1_49' title='bbox 1278 466 1470 508; x_wconf 87' lang='lat' dir='ltr'>aberant.</span> <span class='ocrx_word' id='word_1_50' title='bbox 1526 479 1578 506; x_wconf 91' lang='lat' dir='ltr'>ne</span> <span class='ocrx_word' id='word_1_51' title='bbox 1611 465 1685 506; x_wconf 90' lang='lat' dir='ltr'>tri-</span> 
     </span>
    </p>
   </div>
   <div class='ocr_carea' id='block_1_6' title="bbox 120 524 1758 581">
    <p class='ocr_par' dir='ltr' id='par_1_6' title="bbox 120 524 1758 581">
     <span class='ocr_line' id='line_1_8' title="bbox 120 524 1758 581; baseline -0.001 -14"><span class='ocrx_word' id='word_1_52' title='bbox 120 525 254 567; x_wconf 88' lang='lat' dir='ltr'>bunal</span> <span class='ocrx_word' id='word_1_53' title='bbox 287 525 459 581; x_wconf 90' lang='lat' dir='ltr'>quidem</span> <span class='ocrx_word' id='word_1_54' title='bbox 493 525 598 567; x_wconf 86' lang='lat' dir='ltr'>satis</span> <span class='ocrx_word' id='word_1_55' title='bbox 624 526 827 580; x_wconf 81' lang='lat' dir='ltr'>quietum</span> <span class='ocrx_word' id='word_1_56' title='bbox 860 528 971 580; x_wconf 82' lang='lat' dir='ltr'>erat3</span> <span class='ocrx_word' id='word_1_57' title='bbox 1004 526 1138 580; x_wconf 83' lang='lat' dir='ltr'>legati</span> <span class='ocrx_word' id='word_1_58' title='bbox 1171 527 1499 567; x_wconf 76' lang='lat' dir='ltr'>circumstantes</span> <span class='ocrx_word' id='word_1_59' title='bbox 1532 524 1688 566; x_wconf 73' lang='lat' dir='ltr'>sellam</span> <span class='ocrx_word' id='word_1_60' title='bbox 1713 534 1758 565; x_wconf 82' lang='lat'>14</span> 
     </span>
    </p>
   </div>
   <div class='ocr_carea' id='block_1_7' title="bbox 119 584 1686 639">
    <p class='ocr_par' dir='ltr' id='par_1_7' title="bbox 119 584 1686 639">
     <span class='ocr_line' id='line_1_9' title="bbox 119 584 1686 639; baseline -0.001 -13"><span class='ocrx_word' id='word_1_61' title='bbox 119 585 321 638; x_wconf 87' lang='lat' dir='ltr'>orabant,</span> <span class='ocrx_word' id='word_1_62' title='bbox 379 588 428 626; x_wconf 87' lang='lat' dir='ltr'>ut</span> <span class='ocrx_word' id='word_1_63' title='bbox 471 599 561 626; x_wconf 88' lang='lat' dir='ltr'>rem</span> <span class='ocrx_word' id='word_1_64' title='bbox 605 584 650 625; x_wconf 92' lang='lat' dir='ltr'>in</span> <span class='ocrx_word' id='word_1_65' title='bbox 694 588 915 639; x_wconf 89' lang='lat' dir='ltr'>posterum</span> <span class='ocrx_word' id='word_1_66' title='bbox 967 585 1078 626; x_wconf 89' lang='lat' dir='ltr'>diem</span> <span class='ocrx_word' id='word_1_67' title='bbox 1124 584 1314 626; x_wconf 87' lang='lat' dir='ltr'>differret</span> <span class='ocrx_word' id='word_1_68' title='bbox 1358 587 1401 625; x_wconf 92' lang='lat' dir='ltr'>et</span> <span class='ocrx_word' id='word_1_69' title='bbox 1450 584 1537 625; x_wconf 81' lang='lat' dir='ltr'>irae</span> <span class='ocrx_word' id='word_1_70' title='bbox 1583 597 1686 625; x_wconf 88' lang='lat' dir='ltr'>suae</span> 
     </span>
    </p>
   </div>
   <div class='ocr_carea' id='block_1_8' title="bbox 117 643 1032 697">
    <p class='ocr_par' dir='ltr' id='par_1_8' title="bbox 117 643 1032 697">
     <span class='ocr_line' id='line_1_10' title="bbox 117 643 1032 697; baseline 0 -13"><span class='ocrx_word' id='word_1_71' title='bbox 117 644 305 697; x_wconf 90' lang='lat' dir='ltr'>spatium</span> <span class='ocrx_word' id='word_1_72' title='bbox 357 646 400 684; x_wconf 90' lang='lat' dir='ltr'>et</span> <span class='ocrx_word' id='word_1_73' title='bbox 444 643 624 685; x_wconf 89' lang='lat' dir='ltr'>consilio</span> <span class='ocrx_word' id='word_1_74' title='bbox 676 646 848 697; x_wconf 89' lang='lat' dir='ltr'>tempus</span> <span class='ocrx_word' id='word_1_75' title='bbox 893 643 1032 685; x_wconf 88' lang='lat' dir='ltr'>daret:</span> 
     </span>
    </p>
   </div>
   <div class='ocr_carea' id='block_1_9' title="bbox 118 702 1688 875">
    <p class='ocr_par' dir='ltr' id='par_1_9' title="bbox 118 702 1688 875">
     <span class='ocr_line' id='line_1_11' title="bbox 124 702 1688 756; baseline -0.001 -12"><span class='ocrx_word' id='word_1_76' title='bbox 124 703 335 745; x_wconf 82' lang='lat' dir='ltr'>scentiam</span> <span class='ocrx_word' id='word_1_77' title='bbox 372 702 497 744; x_wconf 88' lang='lat' dir='ltr'>Fabii</span> <span class='ocrx_word' id='word_1_78' title='bbox 530 716 641 756; x_wconf 88' lang='lat' dir='ltr'>esse,</span> <span class='ocrx_word' id='word_1_79' title='bbox 674 703 780 744; x_wconf 86' lang='lat' dir='ltr'>satis</span> <span class='ocrx_word' id='word_1_80' title='bbox 819 702 1105 744; x_wconf 83' lang='lat' dir='ltr'>deformatam</span> <span class='ocrx_word' id='word_1_81' title='bbox 1149 702 1393 755; x_wconf 85' lang='lat' dir='ltr'>victoriam;</span> <span class='ocrx_word' id='word_1_82' title='bbox 1437 716 1490 743; x_wconf 91' lang='lat' dir='ltr'>ne</span> <span class='ocrx_word' id='word_1_83' title='bbox 1530 702 1583 742; x_wconf 86' lang='lat' dir='ltr'>ad</span> <span class='ocrx_word' id='word_1_84' title='bbox 1621 715 1688 742; x_wconf 87' lang='lat' dir='ltr'>ex-</span> 
     </span>
     <span class='ocr_line' id='line_1_12' title="bbox 118 759 1687 816; baseline -0.002 -12"><span class='ocrx_word' id='word_1_85' title='bbox 118 766 307 804; x_wconf 76' lang='lat' dir='ltr'>tremum</span> <span class='ocrx_word' id='word_1_86' title='bbox 339 761 469 802; x_wconf 88' lang='lat' dir='ltr'>finem</span> <span class='ocrx_word' id='word_1_87' title='bbox 505 761 706 816; x_wconf 88' lang='lat' dir='ltr'>supplicii</span> <span class='ocrx_word' id='word_1_88' title='bbox 736 761 948 816; x_wconf 77' lang='lat' dir='ltr'>tenderet,</span> <span class='ocrx_word' id='word_1_89' title='bbox 980 775 1062 803; x_wconf 89' lang='lat' dir='ltr'>neu</span> <span class='ocrx_word' id='word_1_90' title='bbox 1094 762 1222 803; x_wconf 91' lang='lat' dir='ltr'>unico</span> <span class='ocrx_word' id='word_1_91' title='bbox 1255 761 1419 814; x_wconf 84' lang='lat' dir='ltr'>iuveni,</span> <span class='ocrx_word' id='word_1_92' title='bbox 1457 775 1540 802; x_wconf 91' lang='lat' dir='ltr'>neu</span> <span class='ocrx_word' id='word_1_93' title='bbox 1572 759 1687 814; x_wconf 86' lang='lat' dir='ltr'>patri</span> 
     </span>
     <span class='ocr_line' id='line_1_13' title="bbox 119 819 1685 875; baseline -0.001 -13"><span class='ocrx_word' id='word_1_94' title='bbox 119 821 230 874; x_wconf 85' lang='lat' dir='ltr'>eius,</span> <span class='ocrx_word' id='word_1_95' title='bbox 269 820 509 862; x_wconf 89' lang='lat' dir='ltr'>clarissimo</span> <span class='ocrx_word' id='word_1_96' title='bbox 542 821 657 874; x_wconf 89' lang='lat' dir='ltr'>viro,</span> <span class='ocrx_word' id='word_1_97' title='bbox 695 835 777 862; x_wconf 89' lang='lat' dir='ltr'>neu</span> <span class='ocrx_word' id='word_1_98' title='bbox 810 819 968 862; x_wconf 88' lang='lat' dir='ltr'>Fabiae</span> <span class='ocrx_word' id='word_1_99' title='bbox 1009 820 1128 875; x_wconf 83' lang='lat' dir='ltr'>genti</span> <span class='ocrx_word' id='word_1_100' title='bbox 1160 835 1255 862; x_wconf 89' lang='lat' dir='ltr'>eam</span> <span class='ocrx_word' id='word_1_101' title='bbox 1286 821 1531 875; x_wconf 83' lang='lat' dir='ltr'>iniungeret</span> <span class='ocrx_word' id='word_1_102' title='bbox 1562 819 1685 874; x_wconf 83' lang='lat' dir='ltr'>igno-</span> 
     </span>
    </p>
   </div>
   <div class='ocr_carea' id='block_1_10' title="bbox 117 880 308 921">
    <p class='ocr_par' dir='ltr' id='par_1_10' title="bbox 117 880 308 921">
     <span class='ocr_line' id='line_1_14' title="bbox 117 880 308 921; baseline -0.005 0"><span class='ocrx_word' id='word_1_103' title='bbox 117 880 308 921; x_wconf 88' lang='lat' dir='ltr'>miniam.</span> 
     </span>
    </p>
   </div>
   <div class='ocr_carea' id='block_1_11' title="bbox 119 878 1757 980">
    <p class='ocr_par' dir='ltr' id='par_1_11' title="bbox 119 878 1757 980">
     <span class='ocr_line' id='line_1_15' title="bbox 372 878 1757 934; baseline -0.001 -14"><span class='ocrx_word' id='word_1_104' title='bbox 372 893 468 920; x_wconf 92' lang='lat' dir='ltr'>cum</span> <span class='ocrx_word' id='word_1_105' title='bbox 501 894 653 933; x_wconf 87' lang='lat' dir='ltr'>parum</span> <span class='ocrx_word' id='word_1_106' title='bbox 692 879 910 934; x_wconf 81' lang='lat' dir='ltr'>precibus,</span> <span class='ocrx_word' id='word_1_107' title='bbox 948 894 1102 934; x_wconf 88' lang='lat' dir='ltr'>parum</span> <span class='ocrx_word' id='word_1_108' title='bbox 1141 894 1271 922; x_wconf 87' lang='lat' dir='ltr'>causa</span> <span class='ocrx_word' id='word_1_109' title='bbox 1309 879 1584 933; x_wconf 88' lang='lat' dir='ltr'>proficerent,</span> <span class='ocrx_word' id='word_1_110' title='bbox 1623 878 1685 919; x_wconf 90' lang='lat' dir='ltr'>in·</span> <span class='ocrx_word' id='word_1_111' title='bbox 1714 889 1757 920; x_wconf 81' lang='lat'>16</span> 
     </span>
     <span class='ocr_line' id='line_1_16' title="bbox 119 939 1109 980; baseline 0.001 -1"><span class='ocrx_word' id='word_1_112' title='bbox 119 939 236 980; x_wconf 86' lang='lat' dir='ltr'>tueri</span> <span class='ocrx_word' id='word_1_113' title='bbox 278 939 536 979; x_wconf 89' lang='lat' dir='ltr'>saevientem</span> <span class='ocrx_word' id='word_1_114' title='bbox 590 940 833 980; x_wconf 87' lang='lat' dir='ltr'>contionem</span> <span class='ocrx_word' id='word_1_115' title='bbox 884 939 1109 980; x_wconf 87' lang='lat' dir='ltr'>iubebant:</span> 
     </span>
    </p>
   </div>
   <div class='ocr_carea' id='block_1_12' title="bbox 1165 938 1688 980">
    <p class='ocr_par' dir='ltr' id='par_1_12' title="bbox 1165 938 1688 980">
     <span class='ocr_line' id='line_1_17' title="bbox 1165 938 1688 980; baseline -0.002 -1"><span class='ocrx_word' id='word_1_116' title='bbox 1165 938 1228 980; x_wconf 88' lang='lat' dir='ltr'>ita</span> <span class='ocrx_word' id='word_1_117' title='bbox 1271 939 1453 979; x_wconf 86' lang='lat' dir='ltr'>irritatis</span> <span class='ocrx_word' id='word_1_118' title='bbox 1500 938 1688 979; x_wconf 89' lang='lat' dir='ltr'>militum</span> 
     </span>
    </p>
   </div>
   <div class='ocr_carea' id='block_1_13' title="bbox 116 996 1689 1052">
    <p class='ocr_par' dir='ltr' id='par_1_13' title="bbox 116 996 1689 1052">
     <span class='ocr_line' id='line_1_18' title="bbox 116 996 1689 1052; baseline -0.001 -13"><span class='ocrx_word' id='word_1_119' title='bbox 116 997 274 1040; x_wconf 87' lang='lat' dir='ltr'>animis</span> <span class='ocrx_word' id='word_1_120' title='bbox 308 997 489 1039; x_wconf 86' lang='lat' dir='ltr'>subdere</span> <span class='ocrx_word' id='word_1_121' title='bbox 521 998 668 1052; x_wconf 82' lang='lat' dir='ltr'>ignem</span> <span class='ocrx_word' id='word_1_122' title='bbox 701 1012 748 1039; x_wconf 88' lang='lat' dir='ltr'>ac</span> <span class='ocrx_word' id='word_1_123' title='bbox 782 998 1008 1039; x_wconf 88' lang='lat' dir='ltr'>materiam</span> <span class='ocrx_word' id='word_1_124' title='bbox 1042 997 1242 1039; x_wconf 90' lang='lat' dir='ltr'>seditioni</span> <span class='ocrx_word' id='word_1_125' title='bbox 1274 1011 1360 1039; x_wconf 91' lang='lat' dir='ltr'>non</span> <span class='ocrx_word' id='word_1_126' title='bbox 1394 1011 1486 1038; x_wconf 89' lang='lat' dir='ltr'>esse</span> <span class='ocrx_word' id='word_1_127' title='bbox 1519 996 1689 1050; x_wconf 87' lang='lat' dir='ltr'>aetatis,</span> 
     </span>
    </p>
   </div>
   <div class='ocr_carea' id='block_1_14' title="bbox 116 1056 646 1111">
    <p class='ocr_par' dir='ltr' id='par_1_14' title="bbox 116 1056 646 1111">
     <span class='ocr_line' id='line_1_19' title="bbox 116 1056 646 1111; baseline 0 -13"><span class='ocrx_word' id='word_1_128' title='bbox 116 1071 206 1098; x_wconf 87' lang='lat' dir='ltr'>non</span> <span class='ocrx_word' id='word_1_129' title='bbox 245 1056 498 1111; x_wconf 89' lang='lat' dir='ltr'>prudentiae</span> <span class='ocrx_word' id='word_1_130' title='bbox 545 1056 646 1098; x_wconf 89' lang='lat' dir='ltr'>eius.</span> 
     </span>
    </p>
   </div>
   <div class='ocr_carea' id='block_1_15' title="bbox 709 1056 1759 1111">
    <p class='ocr_par' dir='ltr' id='par_1_15' title="bbox 709 1056 1759 1111">
     <span class='ocr_line' id='line_1_20' title="bbox 709 1056 1759 1111; baseline 0 -13"><span class='ocrx_word' id='word_1_131' title='bbox 709 1057 924 1098; x_wconf 89' lang='lat' dir='ltr'>neminem</span> <span class='ocrx_word' id='word_1_132' title='bbox 968 1057 1011 1098; x_wconf 89' lang='lat' dir='ltr'>id</span> <span class='ocrx_word' id='word_1_133' title='bbox 1052 1057 1101 1106; x_wconf 86' lang='lat' dir='ltr'>Q.</span> <span class='ocrx_word' id='word_1_134' title='bbox 1140 1056 1274 1098; x_wconf 88' lang='lat' dir='ltr'>Fabio</span> <span class='ocrx_word' id='word_1_135' title='bbox 1319 1070 1504 1111; x_wconf 87' lang='lat' dir='ltr'>poenam</span> <span class='ocrx_word' id='word_1_136' title='bbox 1541 1056 1688 1109; x_wconf 89' lang='lat' dir='ltr'>depre-</span> <span class='ocrx_word' id='word_1_137' title='bbox 1718 1066 1759 1098; x_wconf 79' lang='lat'>17</span> 
     </span>
    </p>
   </div>
   <div class='ocr_carea' id='block_1_16' title="bbox 119 1115 1692 1170">
    <p class='ocr_par' dir='ltr' id='par_1_16' title="bbox 119 1115 1692 1170">
     <span class='ocr_line' id='line_1_21' title="bbox 119 1115 1692 1170; baseline -0.001 -12"><span class='ocrx_word' id='word_1_138' title='bbox 119 1116 240 1158; x_wconf 89' lang='lat' dir='ltr'>canti</span> <span class='ocrx_word' id='word_1_139' title='bbox 273 1130 393 1157; x_wconf 89' lang='lat' dir='ltr'>suam</span> <span class='ocrx_word' id='word_1_140' title='bbox 426 1115 531 1156; x_wconf 81' lang='lat' dir='ltr'>vitio</span> <span class='ocrx_word' id='word_1_141' title='bbox 565 1130 802 1168; x_wconf 89' lang='lat' dir='ltr'>versurum,</span> <span class='ocrx_word' id='word_1_142' title='bbox 836 1116 909 1157; x_wconf 89' lang='lat' dir='ltr'>sed</span> <span class='ocrx_word' id='word_1_143' title='bbox 941 1116 1155 1170; x_wconf 85' lang='lat' dir='ltr'>dictatori,</span> <span class='ocrx_word' id='word_1_144' title='bbox 1189 1116 1225 1158; x_wconf 92' lang='lat' dir='ltr'>si</span> <span class='ocrx_word' id='word_1_145' title='bbox 1258 1118 1505 1157; x_wconf 88' lang='lat' dir='ltr'>occaecatus</span> <span class='ocrx_word' id='word_1_146' title='bbox 1537 1115 1602 1157; x_wconf 91' lang='lat' dir='ltr'>ira</span> <span class='ocrx_word' id='word_1_147' title='bbox 1627 1115 1692 1156; x_wconf 90' lang='lat' dir='ltr'>in-</span> 
     </span>
    </p>
   </div>
   <div class='ocr_carea' id='block_1_17' title="bbox 122 1174 1466 1229">
    <p class='ocr_par' dir='ltr' id='par_1_17' title="bbox 122 1174 1466 1229">
     <span class='ocr_line' id='line_1_22' title="bbox 122 1174 1466 1229; baseline 0.001 -13"><span class='ocrx_word' id='word_1_148' title='bbox 122 1174 282 1217; x_wconf 86' lang='lat' dir='ltr'>festam</span> <span class='ocrx_word' id='word_1_149' title='bbox 309 1174 629 1216; x_wconf 86' lang='lat' dir='ltr'>multitudinem</span> <span class='ocrx_word' id='word_1_150' title='bbox 661 1175 705 1216; x_wconf 90' lang='lat' dir='ltr'>in</span> <span class='ocrx_word' id='word_1_151' title='bbox 741 1189 785 1216; x_wconf 91' lang='lat' dir='ltr'>se</span> <span class='ocrx_word' id='word_1_152' title='bbox 818 1189 948 1229; x_wconf 84' lang='lat' dir='ltr'>pravo</span> <span class='ocrx_word' id='word_1_153' title='bbox 983 1175 1214 1217; x_wconf 74' lang='lat' dir='ltr'>certamine</span> <span class='ocrx_word' id='word_1_154' title='bbox 1247 1175 1466 1217; x_wconf 87' lang='lat' dir='ltr'>movisset.</span> 
     </span>
    </p>
   </div>
   <div class='ocr_carea' id='block_1_18' title="bbox 119 1232 1691 1347">
    <p class='ocr_par' dir='ltr' id='par_1_18' title="bbox 119 1232 1691 1347">
     <span class='ocr_line' id='line_1_23' title="bbox 119 1232 1691 1288; baseline -0.001 -12"><span class='ocrx_word' id='word_1_155' title='bbox 119 1248 204 1287; x_wconf 89' lang='lat' dir='ltr'>mo,</span> <span class='ocrx_word' id='word_1_156' title='bbox 236 1248 291 1276; x_wconf 89' lang='lat' dir='ltr'>ne</span> <span class='ocrx_word' id='word_1_157' title='bbox 324 1233 365 1274; x_wconf 89' lang='lat' dir='ltr'>id</span> <span class='ocrx_word' id='word_1_158' title='bbox 399 1247 443 1275; x_wconf 89' lang='lat' dir='ltr'>se</span> <span class='ocrx_word' id='word_1_159' title='bbox 483 1233 649 1288; x_wconf 82' lang='lat' dir='ltr'>gratiae</span> <span class='ocrx_word' id='word_1_160' title='bbox 683 1234 782 1275; x_wconf 90' lang='lat' dir='ltr'>dare</span> <span class='ocrx_word' id='word_1_161' title='bbox 818 1232 868 1282; x_wconf 85' lang='lat' dir='ltr'>Q.</span> <span class='ocrx_word' id='word_1_162' title='bbox 902 1233 1027 1275; x_wconf 87' lang='lat' dir='ltr'>Fabii</span> <span class='ocrx_word' id='word_1_163' title='bbox 1061 1234 1265 1285; x_wconf 88' lang='lat' dir='ltr'>crederet,</span> <span class='ocrx_word' id='word_1_164' title='bbox 1300 1248 1343 1276; x_wconf 91' lang='lat' dir='ltr'>se</span> <span class='ocrx_word' id='word_1_165' title='bbox 1369 1234 1437 1275; x_wconf 89' lang='lat' dir='ltr'>ius</span> <span class='ocrx_word' id='word_1_166' title='bbox 1463 1233 1691 1274; x_wconf 89' lang='lat' dir='ltr'>iurandum</span> 
     </span>
     <span class='ocr_line' id='line_1_24' title="bbox 124 1291 1690 1347; baseline -0.001 -13"><span class='ocrx_word' id='word_1_167' title='bbox 124 1293 227 1334; x_wconf 89' lang='lat' dir='ltr'>dare</span> <span class='ocrx_word' id='word_1_168' title='bbox 266 1295 443 1347; x_wconf 88' lang='lat' dir='ltr'>paratos</span> <span class='ocrx_word' id='word_1_169' title='bbox 483 1307 576 1334; x_wconf 90' lang='lat' dir='ltr'>esse</span> <span class='ocrx_word' id='word_1_170' title='bbox 614 1307 702 1334; x_wconf 88' lang='lat' dir='ltr'>non</span> <span class='ocrx_word' id='word_1_171' title='bbox 741 1293 876 1334; x_wconf 88' lang='lat' dir='ltr'>videri</span> <span class='ocrx_word' id='word_1_172' title='bbox 915 1307 936 1334; x_wconf 90' lang='lat' dir='ltr'>c</span> <span class='ocrx_word' id='word_1_173' title='bbox 969 1307 1013 1334; x_wconf 89' lang='lat' dir='ltr'>re</span> <span class='ocrx_word' id='word_1_174' title='bbox 1053 1293 1227 1347; x_wconf 91' lang='lat' dir='ltr'>publica</span> <span class='ocrx_word' id='word_1_175' title='bbox 1266 1293 1310 1334; x_wconf 89' lang='lat' dir='ltr'>in</span> <span class='ocrx_word' id='word_1_176' title='bbox 1343 1291 1390 1341; x_wconf 80' lang='lat' dir='ltr'>Q.</span> <span class='ocrx_word' id='word_1_177' title='bbox 1422 1292 1606 1334; x_wconf 89' lang='lat' dir='ltr'>Fabium</span> <span class='ocrx_word' id='word_1_178' title='bbox 1641 1306 1690 1333; x_wconf 86' lang='lat' dir='ltr'>eo</span> 
     </span>
    </p>
   </div>
   <div class='ocr_carea' id='block_1_19' title="bbox 118 1351 648 1406">
    <p class='ocr_par' dir='ltr' id='par_1_19' title="bbox 118 1351 648 1406">
     <span class='ocr_line' id='line_1_25' title="bbox 118 1351 648 1406; baseline -0.002 -13"><span class='ocrx_word' id='word_1_179' title='bbox 118 1355 317 1406; x_wconf 83' lang='lat' dir='ltr'>tempore</span> <span class='ocrx_word' id='word_1_180' title='bbox 351 1351 648 1393; x_wconf 87' lang='lat' dir='ltr'>animadverti.</span> 
     </span>
    </p>
   </div>
   <div class='ocr_carea' id='block_1_20' title="bbox 236 1409 1757 1466">
    <p class='ocr_par' dir='ltr' id='par_1_20' title="bbox 236 1409 1757 1466">
     <span class='ocr_line' id='line_1_26' title="bbox 236 1409 1757 1466; baseline 0 -14"><span class='ocrx_word' id='word_1_181' title='bbox 236 1410 317 1452; x_wconf 90' lang='lat' dir='ltr'>His</span> <span class='ocrx_word' id='word_1_182' title='bbox 346 1411 524 1452; x_wconf 86' lang='lat' dir='ltr'>vocibus</span> <span class='ocrx_word' id='word_1_183' title='bbox 553 1424 650 1452; x_wconf 90' lang='lat' dir='ltr'>cum</span> <span class='ocrx_word' id='word_1_184' title='bbox 682 1411 727 1451; x_wconf 92' lang='lat' dir='ltr'>in</span> <span class='ocrx_word' id='word_1_185' title='bbox 761 1425 805 1452; x_wconf 87' lang='lat' dir='ltr'>se</span> <span class='ocrx_word' id='word_1_186' title='bbox 838 1411 977 1466; x_wconf 87' lang='lat' dir='ltr'>magis</span> <span class='ocrx_word' id='word_1_187' title='bbox 1008 1410 1243 1452; x_wconf 86' lang='lat' dir='ltr'>incitarent</span> <span class='ocrx_word' id='word_1_188' title='bbox 1277 1410 1531 1452; x_wconf 88' lang='lat' dir='ltr'>dictatorem</span> <span class='ocrx_word' id='word_1_189' title='bbox 1558 1409 1757 1464; x_wconf 78' lang='lat' dir='ltr'>quam33</span> 
     </span>
    </p>
   </div>
   <div class='ocr_carea' id='block_1_21' title="bbox 113 1469 1736 1820">
    <p class='ocr_par' dir='ltr' id='par_1_21' title="bbox 113 1469 1736 1820">
     <span class='ocr_line' id='line_1_27' title="bbox 117 1469 1687 1525; baseline -0.001 -14"><span class='ocrx_word' id='word_1_190' title='bbox 117 1470 328 1525; x_wconf 86' lang='lat' dir='ltr'>magistro</span> <span class='ocrx_word' id='word_1_191' title='bbox 351 1470 543 1524; x_wconf 90' lang='lat' dir='ltr'>equitum</span> <span class='ocrx_word' id='word_1_192' title='bbox 563 1470 799 1524; x_wconf 84' lang='lat' dir='ltr'>placarent,</span> <span class='ocrx_word' id='word_1_193' title='bbox 825 1470 932 1511; x_wconf 85' lang='lat' dir='ltr'>iussi</span> <span class='ocrx_word' id='word_1_194' title='bbox 953 1470 1004 1511; x_wconf 92' lang='lat' dir='ltr'>de</span> <span class='ocrx_word' id='word_1_195' title='bbox 1024 1470 1233 1511; x_wconf 88' lang='lat' dir='ltr'>tribunali</span> <span class='ocrx_word' id='word_1_196' title='bbox 1254 1469 1510 1512; x_wconf 89' lang='lat' dir='ltr'>descendere</span> <span class='ocrx_word' id='word_1_197' title='bbox 1529 1469 1687 1523; x_wconf 85' lang='lat' dir='ltr'>lcgati3</span> 
     </span>
     <span class='ocr_line' id='line_1_28' title="bbox 113 1529 1736 1584; baseline 0 -13"><span class='ocrx_word' id='word_1_198' title='bbox 113 1532 160 1571; x_wconf 88' lang='lat' dir='ltr'>et</span> <span class='ocrx_word' id='word_1_199' title='bbox 192 1529 366 1570; x_wconf 89' lang='lat' dir='ltr'>silentio</span> <span class='ocrx_word' id='word_1_200' title='bbox 398 1529 662 1584; x_wconf 84' lang='lat' dir='ltr'>nequiquam</span> <span class='ocrx_word' id='word_1_201' title='bbox 695 1543 772 1583; x_wconf 90' lang='lat' dir='ltr'>per</span> <span class='ocrx_word' id='word_1_202' title='bbox 797 1543 1054 1583; x_wconf 89' lang='lat' dir='ltr'>praeconem</span> <span class='ocrx_word' id='word_1_203' title='bbox 1080 1531 1306 1583; x_wconf 90' lang='lat' dir='ltr'>temptato,</span> <span class='ocrx_word' id='word_1_204' title='bbox 1338 1542 1430 1570; x_wconf 79' lang='lat' dir='ltr'>cum</span> <span class='ocrx_word' id='word_1_205' title='bbox 1456 1541 1557 1582; x_wconf 89' lang='lat' dir='ltr'>prae</span> <span class='ocrx_word' id='word_1_206' title='bbox 1586 1530 1689 1569; x_wconf 91' lang='lat' dir='ltr'>stre·</span> <span class='ocrx_word' id='word_1_207' title='bbox 1716 1540 1736 1571; x_wconf 80' lang='lat'>2</span> 
     </span>
     <span class='ocr_line' id='line_1_29' title="bbox 116 1587 1690 1643; baseline -0.001 -14"><span class='ocrx_word' id='word_1_208' title='bbox 116 1587 210 1643; x_wconf 89' lang='lat' dir='ltr'>pitu</span> <span class='ocrx_word' id='word_1_209' title='bbox 238 1602 287 1630; x_wconf 89' lang='lat' dir='ltr'>ac</span> <span class='ocrx_word' id='word_1_210' title='bbox 313 1588 505 1629; x_wconf 88' lang='lat' dir='ltr'>tumultu</span> <span class='ocrx_word' id='word_1_211' title='bbox 531 1602 610 1629; x_wconf 88' lang='lat' dir='ltr'>nec</span> <span class='ocrx_word' id='word_1_212' title='bbox 636 1588 773 1642; x_wconf 89' lang='lat' dir='ltr'>ipsius</span> <span class='ocrx_word' id='word_1_213' title='bbox 807 1588 1031 1630; x_wconf 86' lang='lat' dir='ltr'>dictatoris</span> <span class='ocrx_word' id='word_1_214' title='bbox 1059 1602 1135 1629; x_wconf 88' lang='lat' dir='ltr'>nec</span> <span class='ocrx_word' id='word_1_215' title='bbox 1163 1589 1459 1642; x_wconf 90' lang='lat' dir='ltr'>apparitorum</span> <span class='ocrx_word' id='word_1_216' title='bbox 1487 1587 1578 1628; x_wconf 89' lang='lat' dir='ltr'>eius</span> <span class='ocrx_word' id='word_1_217' title='bbox 1606 1601 1690 1628; x_wconf 84' lang='lat' dir='ltr'>vox</span> 
     </span>
     <span class='ocr_line' id='line_1_30' title="bbox 115 1646 1461 1701; baseline -0.001 -12"><span class='ocrx_word' id='word_1_218' title='bbox 115 1647 350 1700; x_wconf 83' lang='lat' dir='ltr'>audiretur,</span> <span class='ocrx_word' id='word_1_219' title='bbox 382 1661 468 1688; x_wconf 83' lang='lat' dir='ltr'>nox</span> <span class='ocrx_word' id='word_1_220' title='bbox 501 1647 620 1687; x_wconf 90' lang='lat' dir='ltr'>velut</span> <span class='ocrx_word' id='word_1_221' title='bbox 652 1647 695 1688; x_wconf 93' lang='lat' dir='ltr'>in</span> <span class='ocrx_word' id='word_1_222' title='bbox 728 1647 894 1701; x_wconf 90' lang='lat' dir='ltr'>proelio</span> <span class='ocrx_word' id='word_1_223' title='bbox 928 1647 1153 1688; x_wconf 87' lang='lat' dir='ltr'>certamini</span> <span class='ocrx_word' id='word_1_224' title='bbox 1184 1647 1314 1688; x_wconf 90' lang='lat' dir='ltr'>finem</span> <span class='ocrx_word' id='word_1_225' title='bbox 1347 1646 1461 1688; x_wconf 89' lang='lat' dir='ltr'>fecit.</span> 
     </span>
     <span class='ocr_line' id='line_1_31' title="bbox 236 1705 1734 1760; baseline 0.002 -14"><span class='ocrx_word' id='word_1_226' title='bbox 236 1705 446 1760; x_wconf 84' lang='lat' dir='ltr'>Magister</span> <span class='ocrx_word' id='word_1_227' title='bbox 477 1706 687 1759; x_wconf 88' lang='lat' dir='ltr'>equitum,</span> <span class='ocrx_word' id='word_1_228' title='bbox 720 1706 861 1747; x_wconf 87' lang='lat' dir='ltr'>iussus</span> <span class='ocrx_word' id='word_1_229' title='bbox 894 1708 1069 1760; x_wconf 89' lang='lat' dir='ltr'>postero</span> <span class='ocrx_word' id='word_1_230' title='bbox 1103 1706 1171 1747; x_wconf 91' lang='lat' dir='ltr'>die</span> <span class='ocrx_word' id='word_1_231' title='bbox 1205 1706 1374 1756; x_wconf 87' lang='lat' dir='ltr'>adesse,</span> <span class='ocrx_word' id='word_1_232' title='bbox 1408 1719 1504 1747; x_wconf 90' lang='lat' dir='ltr'>cum</span> <span class='ocrx_word' id='word_1_233' title='bbox 1538 1718 1687 1746; x_wconf 89' lang='lat' dir='ltr'>omnes</span> <span class='ocrx_word' id='word_1_234' title='bbox 1713 1718 1734 1749; x_wconf 90' lang='lat'><strong>3</strong></span> 
     </span>
     <span class='ocr_line' id='line_1_32' title="bbox 118 1763 1686 1820; baseline 0 -15"><span class='ocrx_word' id='word_1_235' title='bbox 118 1764 402 1806; x_wconf 85' lang='lat' dir='ltr'>adfirmarent</span> <span class='ocrx_word' id='word_1_236' title='bbox 443 1764 642 1806; x_wconf 88' lang='lat' dir='ltr'>infestius</span> <span class='ocrx_word' id='word_1_237' title='bbox 681 1763 904 1819; x_wconf 88' lang='lat' dir='ltr'>Papirium</span> <span class='ocrx_word' id='word_1_238' title='bbox 945 1779 1207 1817; x_wconf 85' lang='lat' dir='ltr'>exarsurum,</span> <span class='ocrx_word' id='word_1_239' title='bbox 1252 1765 1467 1820; x_wconf 86' lang='lat' dir='ltr'>agitatum</span> <span class='ocrx_word' id='word_1_240' title='bbox 1511 1766 1686 1806; x_wconf 87' lang='lat' dir='ltr'>conten-</span> 
     </span>
    </p>
   </div>
   <div class='ocr_carea' id='block_1_22' title="bbox 114 1986 873 2409">
    <p class='ocr_par' dir='ltr' id='par_1_22' title="bbox 115 1986 868 2079">
     <span class='ocr_line' id='line_1_33' title="bbox 169 1986 868 2032; baseline 0 -11"><span class='ocrx_word' id='word_1_241' title='bbox 169 1990 222 2021; x_wconf 81' lang='lat'>12.</span> <span class='ocrx_word' id='word_1_242' title='bbox 249 1986 435 2032; x_wconf 73' lang='lat' dir='ltr'>steterant]</span> <span class='ocrx_word' id='word_1_243' title='bbox 461 2003 504 2015; x_wconf 96' lang='lat'>=</span> <span class='ocrx_word' id='word_1_244' title='bbox 524 1987 772 2030; x_wconf 73' lang='lat' dir='ltr'>constiterant,</span> <span class='ocrx_word' id='word_1_245' title='bbox 797 1989 868 2021; x_wconf 75' lang='lat' dir='ltr'>sta-</span> 
     </span>
     <span class='ocr_line' id='line_1_34' title="bbox 115 2033 511 2079; baseline -0.008 -9"><span class='ocrx_word' id='word_1_246' title='bbox 115 2035 219 2075; x_wconf 75' lang='lat' dir='ltr'>bant,</span> <span class='ocrx_word' id='word_1_247' title='bbox 246 2033 316 2068; x_wconf 86' lang='lat' dir='ltr'>wie</span> <span class='ocrx_word' id='word_1_248' title='bbox 346 2033 381 2079; x_wconf 75' lang='lat'>7,</span> <span class='ocrx_word' id='word_1_249' title='bbox 403 2037 459 2076; x_wconf 80' lang='lat'>23,</span> <span class='ocrx_word' id='word_1_250' title='bbox 482 2037 511 2067; x_wconf 79' lang='lat'>7.</span> 
     </span>
    </p>

    <p class='ocr_par' dir='ltr' id='par_1_23' title="bbox 114 2079 866 2172">
     <span class='ocr_line' id='line_1_35' title="bbox 170 2079 866 2126; baseline -0.003 -10"><span class='ocrx_word' id='word_1_251' title='bbox 170 2085 224 2116; x_wconf 88' lang='lat'>13.</span> <span class='ocrx_word' id='word_1_252' title='bbox 263 2081 397 2125; x_wconf 72' lang='lat' dir='ltr'>procul</span> <span class='ocrx_word' id='word_1_253' title='bbox 427 2080 622 2126; x_wconf 76' lang='lat' dir='ltr'>seditione]</span> <span class='ocrx_word' id='word_1_254' title='bbox 662 2079 747 2125; x_wconf 84' lang='lat' dir='ltr'>Vgl.</span> <span class='ocrx_word' id='word_1_255' title='bbox 775 2079 866 2125; x_wconf 86' lang='lat' dir='ltr'>Kap.</span> 
     </span>
     <span class='ocr_line' id='line_1_36' title="bbox 114 2132 233 2172; baseline -0.008 -7"><span class='ocrx_word' id='word_1_256' title='bbox 114 2132 175 2172; x_wconf 77' lang='lat'>24,</span> <span class='ocrx_word' id='word_1_257' title='bbox 202 2132 233 2164; x_wconf 88' lang='lat'>3.</span> 
     </span>
    </p>

    <p class='ocr_par' dir='ltr' id='par_1_24' title="bbox 116 2173 873 2409">
     <span class='ocr_line' id='line_1_37' title="bbox 171 2173 870 2221; baseline 0 -11"><span class='ocrx_word' id='word_1_258' title='bbox 171 2179 227 2210; x_wconf 89' lang='lat'>14.</span> <span class='ocrx_word' id='word_1_259' title='bbox 254 2175 380 2221; x_wconf 73' lang='lat' dir='ltr'>leyati]</span> <span class='ocrx_word' id='word_1_260' title='bbox 403 2173 530 2210; x_wconf 88' lang='lat' dir='ltr'>Livius</span> <span class='ocrx_word' id='word_1_261' title='bbox 547 2174 663 2210; x_wconf 89' lang='lat' dir='ltr'>denkt</span> <span class='ocrx_word' id='word_1_262' title='bbox 683 2174 774 2218; x_wconf 85' lang='lat' dir='ltr'>sich,</span> <span class='ocrx_word' id='word_1_263' title='bbox 790 2174 870 2210; x_wconf 69' lang='lat' dir='ltr'>dass</span> 
     </span>
     <span class='ocr_line' id='line_1_38' title="bbox 122 2222 870 2258; baseline -0.003 0"><span class='ocrx_word' id='word_1_264' title='bbox 122 2223 187 2258; x_wconf 86' lang='lat' dir='ltr'>der</span> <span class='ocrx_word' id='word_1_265' title='bbox 239 2222 504 2258; x_wconf 83' lang='lat' dir='ltr'>Oberfeldherr</span> <span class='ocrx_word' id='word_1_266' title='bbox 553 2233 626 2256; x_wconf 91' lang='lat' dir='ltr'>von</span> <span class='ocrx_word' id='word_1_267' title='bbox 676 2222 870 2257; x_wconf 87' lang='lat' dir='ltr'>mehreren</span> 
     </span>
     <span class='ocr_line' id='line_1_39' title="bbox 116 2269 872 2314; baseline -0.001 -9"><span class='ocrx_word' id='word_1_268' title='bbox 116 2269 321 2314; x_wconf 64' lang='lat' dir='ltr'>standigen</span> <span class='ocrx_word' id='word_1_269' title='bbox 349 2269 654 2304; x_wconf 80' lang='lat' dir='ltr'>Unterfeldherrn</span> <span class='ocrx_word' id='word_1_270' title='bbox 688 2269 872 2313; x_wconf 72' lang='lat' dir='ltr'>begleitet</span> 
     </span>
     <span class='ocr_line' id='line_1_40' title="bbox 119 2315 873 2361; baseline 0 -10"><span class='ocrx_word' id='word_1_271' title='bbox 119 2328 216 2360; x_wconf 86' lang='lat' dir='ltr'>war,</span> <span class='ocrx_word' id='word_1_272' title='bbox 256 2315 399 2351; x_wconf 82' lang='lat' dir='ltr'>welche</span> <span class='ocrx_word' id='word_1_273' title='bbox 432 2316 483 2350; x_wconf 91' lang='lat' dir='ltr'>im</span> <span class='ocrx_word' id='word_1_274' title='bbox 516 2316 646 2361; x_wconf 85' lang='lat' dir='ltr'>Range</span> <span class='ocrx_word' id='word_1_275' title='bbox 678 2317 770 2351; x_wconf 76' lang='lat' dir='ltr'>fiber</span> <span class='ocrx_word' id='word_1_276' title='bbox 801 2317 873 2351; x_wconf 89' lang='lat' dir='ltr'>den</span> 
     </span>
     <span class='ocr_line' id='line_1_41' title="bbox 117 2362 872 2409; baseline -0.001 -10"><span class='ocrx_word' id='word_1_277' title='bbox 117 2363 426 2409; x_wconf 84' lang='lat' dir='ltr'>Kriegstribunen</span> <span class='ocrx_word' id='word_1_278' title='bbox 454 2362 612 2398; x_wconf 67' lang='lat' dir='ltr'>standon</span> <span class='ocrx_word' id='word_1_279' title='bbox 639 2363 872 2408; x_wconf 78' lang='lat' dir='ltr'>(Kap.34,7)‚</span> 
     </span>
    </p>
   </div>
   <div class='ocr_carea' id='block_1_23' title="bbox 116 2415 873 2594">
    <p class='ocr_par' dir='ltr' id='par_1_25' title="bbox 116 2415 873 2594">
     <span class='ocr_line' id='line_1_42' title="bbox 172 2415 873 2462; baseline 0 -11"><span class='ocrx_word' id='word_1_280' title='bbox 172 2420 226 2452; x_wconf 91' lang='lat'>15.</span> <span class='ocrx_word' id='word_1_281' title='bbox 253 2416 489 2462; x_wconf 68' lang='lat' dir='ltr'>castiyatam]</span> <span class='ocrx_word' id='word_1_282' title='bbox 510 2415 584 2451; x_wconf 85' lang='lat' dir='ltr'>Der</span> <span class='ocrx_word' id='word_1_283' title='bbox 598 2415 741 2460; x_wconf 80' lang='lat' dir='ltr'>heftige</span> <span class='ocrx_word' id='word_1_284' title='bbox 757 2416 873 2452; x_wconf 88' lang='lat' dir='ltr'>Tadel</span> 
     </span>
     <span class='ocr_line' id='line_1_43' title="bbox 118 2462 871 2508; baseline -0.003 -8"><span class='ocrx_word' id='word_1_285' title='bbox 118 2465 195 2500; x_wconf 90' lang='lat' dir='ltr'>und</span> <span class='ocrx_word' id='word_1_286' title='bbox 230 2464 287 2498; x_wconf 88' lang='lat' dir='ltr'>die</span> <span class='ocrx_word' id='word_1_287' title='bbox 316 2463 544 2508; x_wconf 86' lang='lat' dir='ltr'>Drohungen</span> <span class='ocrx_word' id='word_1_288' title='bbox 578 2462 643 2497; x_wconf 83' lang='lat' dir='ltr'>des</span> <span class='ocrx_word' id='word_1_289' title='bbox 677 2463 871 2498; x_wconf 86' lang='lat' dir='ltr'>Diktators</span> 
     </span>
     <span class='ocr_line' id='line_1_44' title="bbox 119 2510 868 2547; baseline 0.001 -2"><span class='ocrx_word' id='word_1_290' title='bbox 119 2522 243 2547; x_wconf 85' lang='lat' dir='ltr'>waren</span> <span class='ocrx_word' id='word_1_291' title='bbox 270 2512 328 2545; x_wconf 74' lang='lat' dir='ltr'>fsir</span> <span class='ocrx_word' id='word_1_292' title='bbox 354 2510 425 2545; x_wconf 91' lang='lat' dir='ltr'>den</span> <span class='ocrx_word' id='word_1_293' title='bbox 447 2511 704 2545; x_wconf 78' lang='lat' dir='ltr'>Reiteroberst</span> <span class='ocrx_word' id='word_1_294' title='bbox 730 2511 868 2546; x_wconf 87' lang='lat' dir='ltr'>bereits</span> 
     </span>
     <span class='ocr_line' id='line_1_45' title="bbox 116 2557 554 2594; baseline -0.002 0"><span class='ocrx_word' id='word_1_295' title='bbox 116 2559 202 2594; x_wconf 88' lang='lat' dir='ltr'>eine</span> <span class='ocrx_word' id='word_1_296' title='bbox 229 2559 393 2593; x_wconf 84' lang='lat' dir='ltr'>schwere</span> <span class='ocrx_word' id='word_1_297' title='bbox 422 2557 554 2593; x_wconf 84' lang='lat' dir='ltr'>Strafe.</span> 
     </span>
    </p>
   </div>
   <div class='ocr_carea' id='block_1_24' title="bbox 116 2610 875 2938">
    <p class='ocr_par' dir='ltr' id='par_1_26' title="bbox 116 2610 875 2797">
     <span class='ocr_line' id='line_1_46' title="bbox 167 2610 875 2657; baseline 0 -11"><span class='ocrx_word' id='word_1_298' title='bbox 167 2623 228 2648; x_wconf 73' lang='lat' dir='ltr'>ne.</span> <span class='ocrx_word' id='word_1_299' title='bbox 244 2640 252 2647; x_wconf 92' lang='lat'>.</span> <span class='ocrx_word' id='word_1_300' title='bbox 268 2610 456 2657; x_wconf 57' lang='lat' dir='ltr'>,tendereq</span> <span class='ocrx_word' id='word_1_301' title='bbox 483 2621 522 2645; x_wconf 91' lang='lat' dir='ltr'>er</span> <span class='ocrx_word' id='word_1_302' title='bbox 547 2613 657 2655; x_wconf 65' lang='lat' dir='ltr'>mog-e</span> <span class='ocrx_word' id='word_1_303' title='bbox 682 2610 788 2646; x_wconf 90' lang='lat' dir='ltr'>nicht</span> <span class='ocrx_word' id='word_1_304' title='bbox 807 2611 875 2646; x_wconf 87' lang='lat' dir='ltr'>auf</span> 
     </span>
     <span class='ocr_line' id='line_1_47' title="bbox 116 2657 869 2694; baseline -0.001 0"><span class='ocrx_word' id='word_1_305' title='bbox 116 2659 193 2694; x_wconf 85' lang='lat' dir='ltr'>den</span> <span class='ocrx_word' id='word_1_306' title='bbox 236 2658 443 2693; x_wconf 70' lang='lat' dir='ltr'>‘aussersten</span> <span class='ocrx_word' id='word_1_307' title='bbox 488 2657 586 2692; x_wconf 87' lang='lat' dir='ltr'>Grad</span> <span class='ocrx_word' id='word_1_308' title='bbox 630 2668 702 2692; x_wconf 86' lang='lat' dir='ltr'>von</span> <span class='ocrx_word' id='word_1_309' title='bbox 748 2657 869 2694; x_wconf 80' lang='lat' dir='ltr'>Strafe</span> 
     </span>
     <span class='ocr_line' id='line_1_48' title="bbox 121 2704 867 2751; baseline 0.001 -12"><span class='ocrx_word' id='word_1_310' title='bbox 121 2705 298 2751; x_wconf 87' lang='lat' dir='ltr'>dringen,</span> <span class='ocrx_word' id='word_1_311' title='bbox 344 2705 449 2740; x_wconf 88' lang='lat' dir='ltr'>nicht</span> <span class='ocrx_word' id='word_1_312' title='bbox 482 2704 550 2739; x_wconf 87' lang='lat' dir='ltr'>auf</span> <span class='ocrx_word' id='word_1_313' title='bbox 584 2705 649 2740; x_wconf 88' lang='lat' dir='ltr'>der</span> <span class='ocrx_word' id='word_1_314' title='bbox 687 2705 867 2740; x_wconf 72' lang='lat' dir='ltr'>hochsten</span> 
     </span>
     <span class='ocr_line' id='line_1_49' title="bbox 123 2751 867 2797; baseline 0 -10"><span class='ocrx_word' id='word_1_315' title='bbox 123 2752 263 2795; x_wconf 81' lang='lat' dir='ltr'>Strafe,</span> <span class='ocrx_word' id='word_1_316' title='bbox 289 2752 355 2787; x_wconf 86' lang='lat' dir='ltr'>der</span> <span class='ocrx_word' id='word_1_317' title='bbox 379 2752 648 2797; x_wconf 63' lang='lat' dir='ltr'>Hindchtung,</span> <span class='ocrx_word' id='word_1_318' title='bbox 675 2751 867 2788; x_wconf 82' lang='lat' dir='ltr'>bestehen.</span> 
     </span>
    </p>

    <p class='ocr_par' dir='ltr' id='par_1_27' title="bbox 169 2799 654 2846">
     <span class='ocr_line' id='line_1_50' title="bbox 169 2799 654 2846; baseline -0.002 -11"><span class='ocrx_word' id='word_1_319' title='bbox 169 2800 294 2846; x_wconf 80' lang='lat' dir='ltr'>unico]</span> <span class='ocrx_word' id='word_1_320' title='bbox 322 2799 407 2844; x_wconf 87' lang='lat' dir='ltr'>Vgl.</span> <span class='ocrx_word' id='word_1_321' title='bbox 429 2799 522 2844; x_wconf 88' lang='lat' dir='ltr'>Kap.</span> <span class='ocrx_word' id='word_1_322' title='bbox 544 2803 600 2840; x_wconf 88' lang='grc'>31,</span> <span class='ocrx_word' id='word_1_323' title='bbox 622 2804 654 2834; x_wconf 81' lang='lat'>5.</span> 
     </span>
    </p>

    <p class='ocr_par' dir='ltr' id='par_1_28' title="bbox 121 2845 869 2938">
     <span class='ocr_line' id='line_1_51' title="bbox 164 2845 868 2894; baseline -0.004 -11"><span class='ocrx_word' id='word_1_324' title='bbox 164 2847 285 2894; x_wconf 77' lang='lat' dir='ltr'>patri]</span> <span class='ocrx_word' id='word_1_325' title='bbox 317 2847 402 2882; x_wconf 84' lang='lat' dir='ltr'>Scin</span> <span class='ocrx_word' id='word_1_326' title='bbox 425 2847 540 2882; x_wconf 81' lang='lat' dir='ltr'>Vater</span> <span class='ocrx_word' id='word_1_327' title='bbox 560 2845 607 2880; x_wconf 83' lang='lat' dir='ltr'>M.</span> <span class='ocrx_word' id='word_1_328' title='bbox 624 2846 760 2881; x_wconf 82' lang='lat' dir='ltr'>Fabius</span> <span class='ocrx_word' id='word_1_329' title='bbox 782 2848 868 2881; x_wconf 82' lang='lat' dir='ltr'>Am—</span> 
     </span>
     <span class='ocr_line' id='line_1_52' title="bbox 121 2893 869 2938; baseline 0 -10"><span class='ocrx_word' id='word_1_330' title='bbox 121 2893 255 2929; x_wconf 83' lang='lat' dir='ltr'>bustus</span> <span class='ocrx_word' id='word_1_331' title='bbox 282 2906 359 2930; x_wconf 87' lang='lat' dir='ltr'>war</span> <span class='ocrx_word' id='word_1_332' title='bbox 385 2897 464 2938; x_wconf 87' lang='lat'>360,</span> <span class='ocrx_word' id='word_1_333' title='bbox 493 2898 560 2929; x_wconf 82' lang='lat'>356</span> <span class='ocrx_word' id='word_1_334' title='bbox 581 2893 656 2928; x_wconf 87' lang='lat' dir='ltr'>und</span> <span class='ocrx_word' id='word_1_335' title='bbox 677 2897 746 2928; x_wconf 85' lang='lat'>354</span> <span class='ocrx_word' id='word_1_336' title='bbox 772 2893 869 2929; x_wconf 88' lang='lat' dir='ltr'>Kon-</span> 
     </span>
    </p>
   </div>
   <div class='ocr_carea' id='block_1_25' title="bbox 41 1822 1691 1878">
    <p class='ocr_par' dir='ltr' id='par_1_29' title="bbox 41 1822 1691 1878">
     <span class='ocr_line' id='line_1_53' title="bbox 41 1822 1691 1878; baseline -0.001 -13"><span class='ocrx_word' id='word_1_337' title='bbox 41 1824 49 1830; x_wconf 74' lang='grc'><strong>“</strong></span> <span class='ocrx_word' id='word_1_338' title='bbox 118 1824 240 1877; x_wconf 89' lang='lat' dir='ltr'>tione</span> <span class='ocrx_word' id='word_1_339' title='bbox 273 1824 368 1877; x_wconf 87' lang='lat' dir='ltr'>ipsa</span> <span class='ocrx_word' id='word_1_340' title='bbox 401 1824 804 1878; x_wconf 80' lang='lat' dir='ltr'>exacerbatumque,</span> <span class='ocrx_word' id='word_1_341' title='bbox 847 1824 958 1865; x_wconf 89' lang='lat' dir='ltr'>clam</span> <span class='ocrx_word' id='word_1_342' title='bbox 992 1838 1041 1865; x_wconf 82' lang='lat' dir='ltr'>ex</span> <span class='ocrx_word' id='word_1_343' title='bbox 1075 1824 1230 1865; x_wconf 88' lang='lat' dir='ltr'>castris</span> <span class='ocrx_word' id='word_1_344' title='bbox 1258 1824 1443 1866; x_wconf 86' lang='lat' dir='ltr'>Romam</span> <span class='ocrx_word' id='word_1_345' title='bbox 1475 1822 1691 1878; x_wconf 83' lang='lat' dir='ltr'>profugit3</span> 
     </span>
    </p>
   </div>
   <div class='ocr_carea' id='block_1_26' title="bbox 943 1985 1693 2259">
    <p class='ocr_par' dir='ltr' id='par_1_30' title="bbox 943 1985 1693 2259">
     <span class='ocr_line' id='line_1_54' title="bbox 943 1985 1691 2032; baseline 0 -11"><span class='ocrx_word' id='word_1_346' title='bbox 943 1987 1012 2030; x_wconf 86' lang='lat' dir='ltr'>sul,</span> <span class='ocrx_word' id='word_1_347' title='bbox 1034 1990 1101 2021; x_wconf 86' lang='lat'>351</span> <span class='ocrx_word' id='word_1_348' title='bbox 1117 1986 1293 2022; x_wconf 82' lang='lat' dir='ltr'>Diktator</span> <span class='ocrx_word' id='word_1_349' title='bbox 1313 1997 1483 2031; x_wconf 84' lang='lat' dir='ltr'>gewesen</span> <span class='ocrx_word' id='word_1_350' title='bbox 1497 1985 1585 2032; x_wconf 88' lang='lat' dir='ltr'>(vgl.</span> <span class='ocrx_word' id='word_1_351' title='bbox 1598 1985 1691 2032; x_wconf 83' lang='lat' dir='ltr'>Kap.</span> 
     </span>
     <span class='ocr_line' id='line_1_55' title="bbox 944 2033 1693 2079; baseline 0.001 -10"><span class='ocrx_word' id='word_1_352' title='bbox 944 2038 1009 2077; x_wconf 89' lang='lat'>33,</span> <span class='ocrx_word' id='word_1_353' title='bbox 1031 2037 1084 2077; x_wconf 86' lang='lat'>4);</span> <span class='ocrx_word' id='word_1_354' title='bbox 1134 2046 1172 2068; x_wconf 86' lang='lat' dir='ltr'>er</span> <span class='ocrx_word' id='word_1_355' title='bbox 1216 2046 1292 2069; x_wconf 82' lang='lat' dir='ltr'>war</span> <span class='ocrx_word' id='word_1_356' title='bbox 1336 2033 1480 2069; x_wconf 86' lang='lat' dir='ltr'>damals</span> <span class='ocrx_word' id='word_1_357' title='bbox 1519 2035 1693 2079; x_wconf 72' lang='lat' dir='ltr'>princeps</span> 
     </span>
     <span class='ocr_line' id='line_1_56' title="bbox 943 2080 1506 2126; baseline -0.002 -10"><span class='ocrx_word' id='word_1_358' title='bbox 943 2085 1091 2117; x_wconf 82' lang='lat' dir='ltr'>senatus</span> <span class='ocrx_word' id='word_1_359' title='bbox 1116 2080 1224 2126; x_wconf 89' lang='lat' dir='ltr'>(Plin.</span> <span class='ocrx_word' id='word_1_360' title='bbox 1245 2093 1281 2116; x_wconf 94' lang='lat' dir='ltr'>n.</span> <span class='ocrx_word' id='word_1_361' title='bbox 1301 2081 1337 2117; x_wconf 89' lang='lat' dir='ltr'>h.</span> <span class='ocrx_word' id='word_1_362' title='bbox 1361 2086 1391 2123; x_wconf 83' lang='lat'>7,</span> <span class='ocrx_word' id='word_1_363' title='bbox 1415 2083 1506 2126; x_wconf 90' lang='grc'>133).</span> 
     </span>
     <span class='ocr_line' id='line_1_57' title="bbox 995 2127 1693 2175; baseline 0.001 -12"><span class='ocrx_word' id='word_1_364' title='bbox 995 2133 1047 2164; x_wconf 85' lang='grc'>16.</span> <span class='ocrx_word' id='word_1_365' title='bbox 1075 2129 1204 2175; x_wconf 79' lang='lat' dir='ltr'>causa]</span> <span class='ocrx_word' id='word_1_366' title='bbox 1231 2128 1347 2163; x_wconf 87' lang='lat' dir='ltr'>durch</span> <span class='ocrx_word' id='word_1_367' title='bbox 1373 2128 1433 2163; x_wconf 85' lang='lat' dir='ltr'>die</span> <span class='ocrx_word' id='word_1_368' title='bbox 1460 2127 1596 2172; x_wconf 80' lang='lat' dir='ltr'>sache,</span> <span class='ocrx_word' id='word_1_369' title='bbox 1622 2129 1693 2164; x_wconf 88' lang='lat' dir='ltr'>den</span> 
     </span>
     <span class='ocr_line' id='line_1_58' title="bbox 945 2175 1578 2221; baseline -0.002 -10"><span class='ocrx_word' id='word_1_370' title='bbox 945 2175 1201 2218; x_wconf 84' lang='lat' dir='ltr'>Sachverbalt,</span> <span class='ocrx_word' id='word_1_371' title='bbox 1228 2175 1288 2210; x_wconf 89' lang='lat' dir='ltr'>die</span> <span class='ocrx_word' id='word_1_372' title='bbox 1315 2176 1578 2221; x_wconf 69' lang='lat' dir='ltr'>Begrfindimg.</span> 
     </span>
     <span class='ocr_line' id='line_1_59' title="bbox 990 2223 1693 2259; baseline -0.001 -1"><span class='ocrx_word' id='word_1_373' title='bbox 990 2224 1154 2258; x_wconf 79' lang='lat' dir='ltr'>subdere.</span> <span class='ocrx_word' id='word_1_374' title='bbox 1174 2224 1384 2259; x_wconf 74' lang='lat' dir='ltr'>..seditioni</span> <span class='ocrx_word' id='word_1_375' title='bbox 1417 2223 1501 2258; x_wconf 86' lang='lat' dir='ltr'>dem</span> <span class='ocrx_word' id='word_1_376' title='bbox 1528 2223 1693 2257; x_wconf 85' lang='lat' dir='ltr'>Aufruhr</span> 
     </span>
    </p>
   </div>
   <div class='ocr_carea' id='block_1_27' title="bbox 944 2270 1691 2411">
    <p class='ocr_par' dir='ltr' id='par_1_31' title="bbox 944 2270 1691 2411">
     <span class='ocr_line' id='line_1_60' title="bbox 944 2270 1691 2316; baseline 0 -12"><span class='ocrx_word' id='word_1_377' title='bbox 944 2270 1061 2306; x_wconf 81' lang='lat' dir='ltr'>Feuer</span> <span class='ocrx_word' id='word_1_378' title='bbox 1093 2272 1168 2305; x_wconf 88' lang='lat' dir='ltr'>und</span> <span class='ocrx_word' id='word_1_379' title='bbox 1201 2271 1382 2306; x_wconf 83' lang='lat' dir='ltr'>Brennsto</span> <span class='ocrx_word' id='word_1_380' title='bbox 1444 2272 1691 2316; x_wconf 87' lang='lat' dir='ltr'>entgegenzu-</span> 
     </span>
     <span class='ocr_line' id='line_1_61' title="bbox 945 2317 1112 2363; baseline 0.006 -11"><span class='ocrx_word' id='word_1_381' title='bbox 945 2317 1112 2363; x_wconf 82' lang='lat' dir='ltr'>bringen.</span> 
     </span>
     <span class='ocr_line' id='line_1_62' title="bbox 993 2365 1386 2411; baseline 0 -11"><span class='ocrx_word' id='word_1_382' title='bbox 993 2365 1086 2411; x_wconf 73' lang='lat' dir='ltr'>eius]</span> <span class='ocrx_word' id='word_1_383' title='bbox 1115 2382 1158 2394; x_wconf 87' lang='lat'>=</span> <span class='ocrx_word' id='word_1_384' title='bbox 1184 2366 1386 2400; x_wconf 75' lang='lat' dir='ltr'>dictatoris.</span> 
     </span>
    </p>
   </div>
   <div class='ocr_carea' id='block_1_28' title="bbox 940 2412 1693 2893">
    <p class='ocr_par' dir='ltr' id='par_1_32' title="bbox 940 2412 1693 2742">
     <span class='ocr_line' id='line_1_63' title="bbox 995 2412 1691 2458; baseline 0.001 -12"><span class='ocrx_word' id='word_1_385' title='bbox 995 2416 1051 2448; x_wconf 88' lang='lat'>18.</span> <span class='ocrx_word' id='word_1_386' title='bbox 1081 2413 1224 2458; x_wconf 65' lang='lat' dir='ltr'>gratiae</span> <span class='ocrx_word' id='word_1_387' title='bbox 1255 2413 1415 2448; x_wconf 67' lang='lat' dir='ltr'>alicuius</span> <span class='ocrx_word' id='word_1_388' title='bbox 1451 2413 1498 2448; x_wconf 84' lang='lat' dir='ltr'>do</span> <span class='ocrx_word' id='word_1_389' title='bbox 1536 2412 1691 2458; x_wconf 77' lang='lat' dir='ltr'>aliquid,</span> 
     </span>
     <span class='ocr_line' id='line_1_64' title="bbox 946 2458 1693 2494; baseline 0 -1"><span class='ocrx_word' id='word_1_390' title='bbox 946 2458 1006 2494; x_wconf 86' lang='lat' dir='ltr'>ich</span> <span class='ocrx_word' id='word_1_391' title='bbox 1044 2462 1173 2494; x_wconf 68' lang='lat' dir='ltr'>raume</span> <span class='ocrx_word' id='word_1_392' title='bbox 1216 2460 1281 2494; x_wconf 87' lang='lat' dir='ltr'>der</span> <span class='ocrx_word' id='word_1_393' title='bbox 1323 2459 1597 2494; x_wconf 85' lang='lat' dir='ltr'>Freundschaft</span> <span class='ocrx_word' id='word_1_394' title='bbox 1634 2459 1693 2494; x_wconf 73' lang='lat' dir='ltr'>fiir</span> 
     </span>
     <span class='ocr_line' id='line_1_65' title="bbox 940 2506 1691 2552; baseline 0 -12"><span class='ocrx_word' id='word_1_395' title='bbox 940 2506 1145 2552; x_wconf 83' lang='lat' dir='ltr'>jemanden</span> <span class='ocrx_word' id='word_1_396' title='bbox 1165 2508 1280 2542; x_wconf 85' lang='lat' dir='ltr'>etwas</span> <span class='ocrx_word' id='word_1_397' title='bbox 1293 2507 1362 2549; x_wconf 87' lang='lat' dir='ltr'>ein,</span> <span class='ocrx_word' id='word_1_398' title='bbox 1390 2506 1452 2542; x_wconf 88' lang='lat' dir='ltr'>bin</span> <span class='ocrx_word' id='word_1_399' title='bbox 1476 2506 1691 2552; x_wconf 84' lang='lat' dir='ltr'>jemandem</span> 
     </span>
     <span class='ocr_line' id='line_1_66' title="bbox 943 2552 1690 2599; baseline 0.001 -12"><span class='ocrx_word' id='word_1_400' title='bbox 943 2552 1102 2598; x_wconf 71' lang='lat' dir='ltr'>gesallig</span> <span class='ocrx_word' id='word_1_401' title='bbox 1134 2554 1204 2589; x_wconf 87' lang='lat' dir='ltr'>mit</span> <span class='ocrx_word' id='word_1_402' title='bbox 1236 2556 1362 2589; x_wconf 83' lang='lat' dir='ltr'>etwas.</span> <span class='ocrx_word' id='word_1_403' title='bbox 1415 2553 1498 2598; x_wconf 87' lang='lat' dir='ltr'>Vgl.</span> <span class='ocrx_word' id='word_1_404' title='bbox 1525 2552 1564 2599; x_wconf 73' lang='lat'>4,</span> <span class='ocrx_word' id='word_1_405' title='bbox 1594 2556 1648 2595; x_wconf 90' lang='lat'>11,</span> <span class='ocrx_word' id='word_1_406' title='bbox 1671 2557 1690 2588; x_wconf 89' lang='grc'>6</span> 
     </span>
     <span class='ocr_line' id='line_1_67' title="bbox 942 2600 1692 2646; baseline 0.001 -11"><span class='ocrx_word' id='word_1_407' title='bbox 942 2601 1038 2645; x_wconf 77' lang='lat' dir='ltr'>quod</span> <span class='ocrx_word' id='word_1_408' title='bbox 1074 2602 1168 2636; x_wconf 73' lang='lat' dir='ltr'>nihil</span> <span class='ocrx_word' id='word_1_409' title='bbox 1204 2602 1347 2646; x_wconf 73' lang='lat' dir='ltr'>yratiae</span> <span class='ocrx_word' id='word_1_410' title='bbox 1383 2602 1598 2646; x_wconf 74' lang='lat' dir='ltr'>cuiusquam</span> <span class='ocrx_word' id='word_1_411' title='bbox 1632 2600 1692 2636; x_wconf 83' lang='lat' dir='ltr'>de-</span> 
     </span>
     <span class='ocr_line' id='line_1_68' title="bbox 941 2649 1618 2742; baseline 0 -13"><span class='ocrx_word' id='word_1_412' title='bbox 941 2649 1256 2742; x_wconf 34' lang='lat' dir='ltr'>dezapgbmblim]</span> <span class='ocrx_word' id='word_1_413' title='bbox 1284 2695 1368 2741; x_wconf 86' lang='lat' dir='ltr'>Vgl.</span> <span class='ocrx_word' id='word_1_414' title='bbox 1395 2695 1487 2740; x_wconf 85' lang='lat' dir='ltr'>Kap.</span> <span class='ocrx_word' id='word_1_415' title='bbox 1509 2699 1541 2737; x_wconf 79' lang='lat'>4,</span> <span class='ocrx_word' id='word_1_416' title='bbox 1565 2698 1618 2730; x_wconf 83' lang='lat'>12.</span> 
     </span>
    </p>

    <p class='ocr_par' dir='ltr' id='par_1_33' title="bbox 943 2752 1692 2835">
     <span class='ocr_line' id='line_1_69' title="bbox 989 2752 1692 2800; baseline 0.001 -12"><span class='ocrx_word' id='word_1_417' title='bbox 989 2753 1053 2788; x_wconf 79' lang='lat'>33.</span> <span class='ocrx_word' id='word_1_418' title='bbox 1082 2757 1113 2789; x_wconf 89' lang='lat'>3.</span> <span class='ocrx_word' id='word_1_419' title='bbox 1141 2754 1278 2800; x_wconf 78' lang='lat' dir='ltr'>adesse]</span> <span class='ocrx_word' id='word_1_420' title='bbox 1307 2754 1385 2789; x_wconf 87' lang='lat' dir='ltr'>sich</span> <span class='ocrx_word' id='word_1_421' title='bbox 1407 2764 1451 2788; x_wconf 89' lang='lat' dir='ltr'>zu</span> <span class='ocrx_word' id='word_1_422' title='bbox 1472 2752 1619 2798; x_wconf 88' lang='lat' dir='ltr'>stellen,</span> <span class='ocrx_word' id='word_1_423' title='bbox 1646 2765 1692 2789; x_wconf 85' lang='lat' dir='ltr'>zu</span> 
     </span>
     <span class='ocr_line' id='line_1_70' title="bbox 943 2801 1171 2835; baseline 0.004 -1"><span class='ocrx_word' id='word_1_424' title='bbox 943 2801 1171 2835; x_wconf 86' lang='lat' dir='ltr'>erscheinen.</span> 
     </span>
    </p>

    <p class='ocr_par' dir='ltr' id='par_1_34' title="bbox 989 2846 1692 2893">
     <span class='ocr_line' id='line_1_71' title="bbox 989 2846 1692 2893; baseline -0.001 -11"><span class='ocrx_word' id='word_1_425' title='bbox 989 2847 1229 2893; x_wconf 76' lang='lat' dir='ltr'>contentione]</span> <span class='ocrx_word' id='word_1_426' title='bbox 1258 2846 1392 2891; x_wconf 84' lang='lat' dir='ltr'>Streit‚</span> <span class='ocrx_word' id='word_1_427' title='bbox 1419 2846 1692 2883; x_wconf 80' lang='lat' dir='ltr'>Wortwechsel</span> 
     </span>
    </p>
   </div>
   <div class='ocr_carea' id='block_1_29' title="bbox 943 2896 1048 2938">
    <p class='ocr_par' dir='ltr' id='par_1_35' title="bbox 943 2896 1048 2938">
     <span class='ocr_line' id='line_1_72' title="bbox 943 2896 1048 2938; baseline 0.01 -1"><span class='ocrx_word' id='word_1_428' title='bbox 943 2898 976 2938; x_wconf 58' lang='grc' dir='ltr'>(θ’</span> <span class='ocrx_word' id='word_1_429' title='bbox 1002 2896 1048 2938; x_wconf 86' lang='grc'>5)-</span> 
     </span>
    </p>
   </div>
   <div class='ocr_carea' id='block_1_30' title="bbox 1090 642 1758 698">
    <p class='ocr_par' dir='ltr' id='par_1_36' title="bbox 1090 642 1758 698">
     <span class='ocr_line' id='line_1_73' title="bbox 1090 642 1758 698; baseline -0.001 -14"><span class='ocrx_word' id='word_1_430' title='bbox 1090 644 1196 685; x_wconf 90' lang='lat' dir='ltr'>satis</span> <span class='ocrx_word' id='word_1_431' title='bbox 1242 643 1499 698; x_wconf 85' lang='lat' dir='ltr'>castigatam</span> <span class='ocrx_word' id='word_1_432' title='bbox 1545 642 1687 684; x_wconf 84' lang='lat' dir='ltr'>adule—</span> <span class='ocrx_word' id='word_1_433' title='bbox 1715 652 1758 683; x_wconf 89' lang='lat'>15</span> 
     </span>
    </p>
   </div>
   <div class='ocr_carea' id='block_1_31' title="bbox 1527 1176 1764 1229">
    <p class='ocr_par' dir='ltr' id='par_1_37' title="bbox 1527 1176 1764 1229">
     <span class='ocr_line' id='line_1_74' title="bbox 1527 1176 1764 1229; baseline 0 -13"><span class='ocrx_word' id='word_1_434' title='bbox 1527 1176 1692 1229; x_wconf 88' lang='lat' dir='ltr'>postre-</span> <span class='ocrx_word' id='word_1_435' title='bbox 1721 1184 1764 1216; x_wconf 88' lang='lat'>18</span> 
     </span>
    </p>
   </div>
  </div>
 </body>
</html>
