1794 3084
83 92 162 119 .Ch.
180 99 211 118 n.
231 92 294 118 343.

585 79 730 115 LIBER
754 78 835 114 VII.
886 77 988 114 CAP.
1016 82 1071 113 37.
1575 75 1628 116 81

62 190 219 246 trepidi
246 187 450 244 Capuam,
476 187 576 229 inde
602 187 770 254 equites
792 187 914 230 citati
941 186 992 228 ad
1014 185 1235 227 Valerium
1263 185 1481 226 consulem
1504 198 1630 238 opem

65 253 235 292 oratum
256 247 447 290 veniunt.
487 247 715 289 confestim
737 247 862 302 signa
883 249 1012 299 mota,
1038 245 1283 299 relictisque
1310 243 1630 298 impedimentis
1658 255 1678 286 6

63 322 113 350 ac
138 311 380 350 castrorum
407 305 548 347 valido
576 305 789 371 praesidio
816 305 973 360 raptim
1002 305 1144 359 agitur
1172 318 1346 359 agmen3
1376 317 1455 344 nec
1481 302 1630 357 procul

63 368 118 409 ab
144 367 268 408 hoste
287 366 430 408 locum
450 366 743 420 perexiguum,
775 367 823 406 ut
849 364 1004 419 quibus
1033 365 1204 417 praeter
1231 377 1362 418 equos
1390 364 1631 404 ceterorum

64 427 351 468 iumentorum
387 424 671 478 calonumque
703 424 831 465 turba
865 423 1048 472 abesset,
1082 423 1235 464 0331113
1270 421 1394 476 cepit.

184 483 444 526 Samnitium
477 484 700 536 exercitus,
731 482 850 523 velut
876 481 991 523 haud
1018 481 1110 522 ulla
1135 496 1256 522 mora
1282 494 1453 535 pugnae
1485 479 1631 521 futura
1658 492 1676 523 7

64 535 190 598 03301,
222 544 357 585 aciem
390 542 584 596 instruit,
616 516 787 594 (10111110,
819 544 1048 595 postquam
1082 555 1208 581 nemo
1242 540 1393 581 obvius
1426 539 1536 592 ibat,
1568 539 1631 580 in-

64 603 188 644 festis
211 603 345 668 signis
367 601 419 643 ad
441 604 582 643 castra
607 600 797 642 hostium
826 600 1027 641 succedit.
1073 599 1147 640 ubi
1174 602 1222 640 ut
1248 597 1460 639 1111111011]
1449 613 1494 639 111
1516 597 1630 639 vallo
1659 610 1679 641 8

65 662 176 704 vidit
207 661 411 715 missique
445 661 497 702 ab
538 659 658 701 omni
694 662 817 714 parte
857 659 1146 713 exploratum,
1186 673 1314 712 quam
1351 657 1396 698 in
1430 658 1633 712 exiguum

67 721 217 764 orbem
250 722 469 762 contracta
507 722 648 760 castra
686 721 848 772 essent,
886 718 1149 772 paucitatem
1189 717 1286 758 inde
1324 716 1515 758 1103111111]
1549 716 1633 757 col-

67 780 267 836 ligentes,
286 779 559 831 rettulerunt,
585 778 767 819 fremere
789 778 927 819 omnis
949 777 1062 818 acies
1085 775 1358 831 complendas
1381 789 1471 816 esse
1492 775 1632 817 fossas
1660 788 1679 819 9

66 839 431 892 scindendumque
453 838 613 879 vallum
629 840 671 878 et
692 837 736 878 in
759 840 902 878 castra
921 836 1260 890 irrumpendum,
1280 837 1634 889 transactumque

69 913 119 940 ea
156 897 400 939 temeritate
439 897 599 938 bellum
642 896 773 948 foret,
816 896 860 936 ni
898 895 1025 937 duces
1066 895 1384 936 continuissent
1423 894 1634 960 impetum

67 957 267 999 militum.
319 958 525 1009 ceterum,
558 959 656 1010 quia
689 929 919 996 multitudo
954 969 1030 995 sua
1063 954 1375 996 commeatibus
1415 953 1558 1008 gravis
1593 954 1635 994 01
1664 966 1706 997 10

67 1017 186 1072 prius
227 1015 410 1058 sedendo
458 1015 511 1056 ad
556 1014 804 1056 Suessulam
844 1017 886 1055 01
930 1016 1023 1055 tum
1063 1013 1311 1054 certaminis
1356 1027 1477 1054 mora
1520 1012 1635 1053 haud

67 1075 220 1131 procul
253 1075 306 1116 ab
339 1089 480 1115 rerum
515 1075 708 1115 omnium
740 1073 887 1127 inopia
919 1075 1049 1125 esset,
1081 1073 1264 1126 placuit,
1305 1071 1405 1112 dum
1438 1071 1632 1113 inclusus

66 1136 244 1190 paveret
275 1134 439 1187 hostis,
480 1133 791 1174 frumentatum
823 1147 900 1186 per
932 1145 1059 1186 agros
1093 1131 1276 1172 militem
1309 1130 1422 1172 duci:
1461 1131 1634 1172 interim
1663 1143 1705 1173 11

66 1194 277 1244 Romano,
304 1194 376 1247 qui
405 1191 639 1246 expeditus,
666 1194 874 1246 quantum
900 1190 1058 1232 umeris
1085 1191 1199 1232 inter
1226 1205 1346 1232 arma
1373 1189 1465 1245 geri
1487 1193 1636 1244 posset

66 1253 286 1306 frumenti,
319 1266 462 1294 secum
496 1252 725 1304 attulisset,
759 1250 958 1292 defutura
990 1250 1146 1292 omnia.

188 1310 349 1354 Consul
381 1311 552 1366 palatos
584 1325 661 1365 per
699 1324 826 1365 agros
866 1324 962 1350 cum
1000 1309 1179 1350 vidisset
1214 1308 1382 1362 hostes,
1425 1308 1636 1350 stationes
1665 1321 1706 1352 12

71 1370 361 1426 infrequentes
393 1370 579 1424 relictas,
610 1370 758 1424 paucis
785 1368 945 1410 milites
974 1368 1226 1410 adhortatus
1254 1367 1307 1409 ad
1334 1370 1477 1409 castra
1504 1381 1635 1421 oppu-

72 1431 247 1486 gnanda
273 1429 398 1471 ducit.
451 1443 558 1495 quae
586 1443 680 1470 cum
708 1429 846 1483 primo
874 1428 1059 1469 clamore
1093 1430 1221 1493 atque
1248 1428 1411 1480 impetu
1439 1426 1636 1480 cepisset,
1666 1440 1707 1471 13

68 1489 267 1544 pluribus
304 1488 496 1530 hostium
542 1489 586 1529 in
631 1488 832 1529 1011101113
878 1487 965 1528 31113
1011 1501 1140 1542 quam
1177 1487 1220 1527 in
1259 1486 1398 1540 portis
1437 1485 1637 1539 valloque

69 1548 216 1602 caesis,
251 1548 376 1603 signa
403 1547 575 1601 captiva
601 1547 646 1589 in
671 1562 802 1588 unum
829 1546 972 1588 locum
999 1545 1186 1587 conferri
1211 1544 1356 1598 iussit,
1389 1544 1637 1599 relictisque

69 1582 238 1650 duabiis
282 1607 527 1662 legionibus
568 1606 786 1647 custodiae
826 1608 869 1646 et
912 1604 1117 1660 praesidii
1163 1618 1292 1645 causa
1336 1604 1459 1659 gravi
1498 1603 1637 1646 edicto

70 1723 200 1759 Worte
213 1722 403 1758 bedeuten
415 1722 494 1757 also
509 1722 626 1758 soviel
648 1722 703 1756 als
717 1722 816 1755 ‘zum

70 1770 316 1807 letztenmal'.

119 1823 151 1855 5.
177 1817 279 1864 inde]
313 1817 441 1852 Livius
473 1816 591 1852 denkt
622 1815 701 1851 sich
737 1814 816 1850 also

892 1720 1051 1762 Sallust,
1086 1719 1243 1754 viermal
1269 1719 1331 1753 bei
1358 1717 1503 1763 Cicero,
1531 1719 1636 1754 zwei-

891 1768 967 1802 mal
993 1767 1054 1802 bei
1080 1767 1203 1802 Casar.

939 1818 970 1849 8.
999 1815 1043 1849 ab
1070 1815 1169 1849 omni
1194 1817 1303 1859 parte
1338 1814 1472 1859 gehen-t
1505 1825 1550 1848 zu
1575 1825 1637 1849 ex-

71 1866 143 1901 den
186 1865 358 1900 Valerius
408 1863 506 1900 noch
563 1874 623 1898 am
675 1863 818 1898 Gaurus
887 1863 1087 1908 ploratum.

70 1913 237 1948 stehend.

117 1965 149 1996 6.
175 1961 283 2006 siyna
307 1959 420 2005 mota]
448 1976 492 1988 =
518 1959 695 1993 exercitus
731 1967 819 2002 pro-

74 2008 189 2051 fectus
214 2011 275 2042 est.
304 2006 416 2042 Ci'rsar
443 2006 650 2048 oebraucht
676 2005 734 2039 die
761 2004 822 2038 bei

71 2054 199 2090 Livius
225 2054 376 2099 haufige
394 2054 603 2089 Redensart
621 2064 727 2098 szyna
748 2062 817 2086 mo-

71 2101 441 2147 vere(z..,‚;B1149
469 2103 638 2143 21,3,57
667 2102 819 2142 2236,6

71 2150 148 2184 und
174 2152 230 2193 38,
244 2154 281 2192 6;
309 2152 364 2192 27,
381 2152 413 2192 2,
427 2150 483 2193 12)
509 2128 606 2183 11001]
630 2128 754 2189 'nieht;
781 2156 821 2180 01·

71 2197 167 2232 setzt
198 2177 307 2231 dassir
343 2198 451 2241 siyna
482 2196 586 2238 fciffre
644 2194 719 2229 Das
753 2193 818 2228 ub-

71 2243 212 2279 lichere
231 2248 353 2279 casua
367 2253 503 2279 movere
523 2254 600 2278 war
620 2242 702 2276 hier
715 2240 821 2276 nicht

73 2292 310 2326 anwendbar.

122 2339 246 2383 ayitur
272 2337 417 2384 aymen]
446 2337 527 2372 ‘das
547 2336 644 2371 Heer
669 2335 761 2369 wird
783 2334 820 2369 in

72 2384 287 2431 Bewegung
306 2385 478 2429 gesetzt’,
499 2384 580 2419 eine
598 2383 737 2417 Phrase
757 2382 820 2416 (103

73 2432 198 2468 Livius
219 2434 266 2478 (2,
283 2436 339 2475 58,
357 2437 392 2474 73
421 2435 478 2475 25,
487 2431 821 2474 36,1;27,16,,10)

73 2480 252 2515 zuweilen
277 2459 348 2514 mit
379 2459 478 2514 dem
497 2477 648 2513 Adverb
684 2478 822 2522 raptim

75 2528 124 2572 (6,
132 2531 190 2571 28,
199 2531 237 2569 2,
258 2530 315 2570 21,
325 2530 381 2570 41,
391 2526 503 2561 4und
518 2529 574 2569 61,
584 2529 620 2568 43
651 2528 694 2559 23
699 2528 820 2568 ‚36,6;

121 2626 163 2657 ut
188 2622 273 2667 quib
276 2621 336 2702 usi}
363 2620 449 2666 Vgl.
469 2619 561 2664 Kap.
584 2623 615 2663 5,
638 2623 669 2654 9.

124 2673 155 2705 7.
183 2669 276 2715 zbat]
337 2679 378 2703 as
391 2666 596 2713 imperfekt
609 2648 705 2701 ’nach
720 2669 818 2710 post-

75 2727 183 2760 quam
208 2716 326 2751 findet
351 2714 428 2751 sich
463 2714 521 2750 bei
547 2713 673 2748 Livius
699 2723 819 2758 gegeu

74 2761 315 2798 hundertmal
340 2775 404 2797 zur
429 2762 535 2797 Bezei
541 2763 690 2805 chnung
720 2760 820 2795 eines

76 2809 293 2854 Zustandes,
321 2809 580 2844 namentlich
571 2821 610 2843 in
628 2807 821 2850 negierten

77 2855 211 2893 Satzen
254 2857 345 2903 (vgl.
372 2857 618 2901 Kap.2,11),
663 2855 719 2890 oft
762 2854 823 2890 bei

148 2923 213 2950 Liv.
231 2923 266 2949 B.
287 2924 311 2948 7.

940 1921 1048 1954 quam
1074 1908 1131 1954 in]
1176 1908 1262 1954 Vgl.
1289 1908 1382 1954 Kap.
1404 1913 1436 1953 2,
1460 1912 1514 1943 13.
1565 1908 1641 1943 Der

893 1956 1094 2001 Fragesatz
1131 1956 1181 1992 ist.
1224 1955 1414 2001 abhangig
1460 1968 1533 1992 von
1569 1960 1639 1991 ret-

895 2005 1066 2039 tulerunt.

942 2051 1161 2098 colliyentes]
1189 2051 1313 2086 indem
1341 2051 1393 2086 sie
1421 2049 1556 2085 daraus
1578 2051 1644 2085 auf

897 2126 902 2133 .
920 2128 926 2135 .
947 2127 953 2133 .
976 2099 1176 2134 schlossen.

942 2150 974 2181 9.
1002 2146 1244 2192 transactum]
1260 2145 1560 2190 abgeschlossen,
1576 2145 1640 2180 ab·

894 2193 1051 2238 gethan,
1077 2206 1120 2228 zu
1147 2194 1250 2228 Ende
1276 2193 1468 2239 gebracht,
1497 2193 1640 2237 eigent-

893 2240 967 2275 lich
995 2252 1067 2275 von
1100 2240 1507 2285 Handelsgeschaften,
1542 2239 1641 2275 dann

893 2288 933 2322 in
961 2287 1202 2333 Verbindung
1233 2289 1303 2323 mit
1334 2292 1512 2323 certamen
1544 2288 1639 2332 (Liv.

895 2337 1060 2381 9,12,11)
1078 2347 1112 2371 11.
1132 2336 1261 2371 bellum
1292 2335 1391 2380 (Tac.
1414 2335 1508 2370 Hist.
1525 2337 1639 2379 2,38).

945 2386 999 2418 10.
1033 2383 1173 2429 yravis]
1206 2383 1337 2427 lastig,
1371 2383 1639 2417 beschwerlich

895 2429 954 2464 fiir
980 2429 1040 2465 die
1068 2430 1264 2474 Zusuhren,
1292 2430 1377 2464 weil
1402 2429 1525 2474 grosse
1553 2430 1637 2464 Pro-

895 2477 1149 2513 viantvorritte
1164 2477 1476 2522 herbeigcschafft
1491 2477 1640 2511 werden

895 2524 1068 2560 mussten.

942 2572 1110 2618 sedendo]
1138 2571 1222 2617 Vgl.
1251 2571 1343 2616 Kap.
1368 2575 1421 2615 13,
1445 2575 1474 2606 7.

944 2623 996 2654 12.
1019 2619 1167 2665 paucis]
1185 2636 1228 2648 =
1237 2619 1371 2664 paucis
1391 2619 1516 2653 verbis.
1545 2618 1640 2663 Kap.

893 2669 949 2710 32,
972 2670 1003 2701 5.

944 2717 997 2750 13.
1025 2713 1186 2759 captiva]
1218 2713 1426 2756 ‘erbeutet,
1454 2712 1639 2756 erobert’,

893 2760 955 2795 bei
981 2760 1107 2796 Livius
1135 2761 1190 2796 oft.
1214 2771 1287 2795 von
1315 2760 1471 2795 Sachen.

942 2809 1086 2843 duabus
1107 2808 1325 2853 quionibus]
1355 2808 1436 2842 Wie
1457 2806 1558 2852 gross
1581 2807 1640 2842 die

894 2854 1013 2891 Heere
1041 2855 1105 2890 der
1125 2855 1259 2890 beiden
1280 2854 1448 2890 Konsuln
1469 2864 1641 2900 gewesen
