1794 3084
117 1241 170 1282 12

188 78 245 120 30
671 77 814 112 LIBER
839 77 917 112 VII.
970 76 1069 112 CAP.
1099 81 1154 111 11.
1183 81 1236 111 12.

1442 94 1467 112 a.
1486 93 1516 112 u.
1537 93 1563 112 c.
1583 87 1746 114 894—896.

187 186 322 240 palati
355 201 379 227 a
411 186 582 227 consule
611 184 804 226 Poetelio
835 184 950 225 haud
981 184 1131 238 procul
1163 184 1319 225 Tibure
1351 184 1528 239 excepti,
1559 185 1744 240 egressis

188 244 240 286 ad
267 259 392 298 opem
419 244 638 285 ferendam
667 243 930 297 Tiburtibus,
962 243 1089 284 simul
1116 257 1212 284 cum
1237 242 1290 284 iis
1315 242 1428 284 intra
1453 245 1601 298 portas
1632 257 1744 286 com-

186 303 414 357 pelluntur.

305 361 490 415 Egregie
529 375 626 402 cum
665 360 718 401 ab
757 360 965 401 dictatore
996 362 1088 400 tum
1121 359 1175 401 ab
1208 359 1382 401 consule
1413 373 1482 401 res
1515 362 1638 415 gesta
1668 363 1746 403 est.

188 423 230 460 et
268 420 413 461 consul
451 420 559 460 alter
590 418 749 459 Fabius
787 418 961 472 proeliis
1003 418 1189 472 primum
1221 418 1378 473 parvis,
1408 420 1628 472 postremo
1659 433 1746 460 una

186 478 349 533 insigni
382 491 539 532 pugna,
572 491 667 519 cum
700 477 848 519 hostes
880 477 985 518 totis
1019 477 1159 518 adorti
1190 477 1325 531 copiis
1353 479 1508 531 essent,
1534 476 1745 520 Hernicos

139 549 158 579 9
188 536 384 577 devincit.
430 537 613 577 dictator
639 536 888 577 consulibus
914 536 959 576 in
986 538 1138 576 senatu
1158 537 1201 576 et
1221 535 1333 589 apud
1353 536 1560 590 populum
1581 536 1745 591 magni-

186 595 263 636 fice
303 595 558 636 collaudatis
598 598 641 635 et
675 609 849 636 suarum
880 608 1048 648 quoque
1080 608 1221 634 rerum
1253 594 1340 635 illis
1371 594 1551 636 remisso
1583 594 1746 636 honore

187 653 400 694 dictatura
441 668 484 695 se
518 653 748 696 abdicavit.

809 653 1025 694 Poetelius
1056 653 1106 694 de
1139 652 1278 694 Gallis
1310 652 1644 708 Tiburtibusque
1675 667 1745 708 ge-

187 712 349 753 minum
366 712 632 766 triumphum
654 712 757 766 egit3
776 711 910 752 Fabio
933 712 1038 752 satis
1059 711 1196 752 visum
1214 714 1262 752 ut
1281 726 1414 753 ovans
1434 711 1584 753 urbem
1606 711 1748 755 iniret.

303 770 484 812 Iri-idere
511 770 675 812 Poeteli
700 770 966 824 triumphum
989 769 1207 811 Tiburtes:
1239 770 1312 811 ubi
1338 770 1452 811 enim
1478 784 1575 811 eum
1601 785 1745 813 secum

187 829 275 870 acie
302 829 570 871 conflixisse?
621 832 884 884 spectatores
905 842 1063 883 paucos
1084 829 1211 882 fugae
1231 829 1618 883 trepidationisque
1644 828 1743 871 Gal-

185 888 324 929 lorum
357 891 477 929 extra
508 891 655 942 portas
687 902 896 943 egressos,
928 890 1159 941 postquam
1189 888 1235 928 in
1267 902 1310 929 se
1343 902 1511 942 quoque
1542 887 1634 929 fieri
1666 889 1743 929 im-

184 951 331 999 petum
377 947 562 988 viderint
600 950 642 988 et
680 948 769 988 sine
808 947 1049 988 discrimine
1089 946 1239 988 obvios
1278 946 1414 1000 caedi,
1451 946 1662 1000 recepisse
1700 961 1744 988 se

116 1018 157 1047 11
185 1006 298 1046 intra
329 1006 496 1059 urbem3
536 1020 629 1046 eam
660 1020 750 1046 rem
781 1005 999 1059 triumpho
1033 1004 1207 1060 dignam
1239 1005 1378 1046 visam
1410 1004 1629 1047 Romanis.
1689 1019 1744 1047 ne

183 1064 312 1105 nimis
350 1065 507 1106 mirum
544 1078 832 1119 magnumque
871 1066 1096 1105 censerent
1132 1064 1366 1104 tumultum
1398 1063 1562 1105 exciere
1593 1063 1640 1104 in
1670 1063 1745 1105 ho-

185 1123 314 1164 stium
358 1124 512 1178 portis,
556 1123 763 1164 maiorem
799 1123 918 1176 ipsos
956 1122 1287 1177 trepidationem
1326 1124 1425 1164 ante
1464 1122 1635 1164 moenia
1667 1137 1746 1164 sua

185 1182 366 1223 visuros.

303 1239 456 1294 Itaque
500 1240 742 1294 insequenti
781 1254 893 1280 anno
925 1238 982 1280 M.
1013 1239 1184 1292 Popilio
1223 1237 1429 1293 Laenate,
1473 1238 1548 1281 Cn.
1579 1239 1744 1281 Manlio

185 1299 433 1340 consulibus
465 1299 605 1352 primo
639 1298 808 1339 silentio
836 1298 975 1339 noctis
1003 1298 1055 1339 ab
1083 1298 1240 1338 Tibure
1266 1298 1440 1352 agmine
1465 1298 1623 1339 infesto
1649 1313 1744 1352 pro-

138 1369 156 1399 2
183 1357 285 1398 fecti
318 1357 370 1398 ad
403 1357 552 1398 urbem
585 1357 767 1398 Romam
799 1359 1017 1397 venerunt.
1066 1359 1275 1397 terrorem
1307 1359 1484 1410 repente
1516 1371 1566 1398 ex
1593 1371 1743 1399 somno

184 1416 378 1457 excitatis
412 1416 556 1457 subita
587 1431 653 1457 res
687 1418 729 1456 et
759 1419 991 1456 nocturnus
1025 1429 1157 1469 pavor
1187 1415 1404 1468 praebuit,
1436 1415 1490 1456 ad
1522 1415 1604 1457 hoc
1635 1417 1744 1457 mul-

137 1487 156 1517 3
183 1477 326 1515 torum
358 1474 541 1527 inscitia,
573 1475 647 1529 qui
679 1476 754 1515 aut
780 1474 888 1515 unde
915 1473 1062 1514 hostes
1090 1474 1376 1515 advenissent.
1427 1475 1742 1515 conclamatum

183 1538 326 1574 tamen
372 1533 565 1574 celeriter
606 1533 658 1574 ad
703 1547 822 1573 arma
861 1535 944 1585 est,
984 1535 1025 1572 et
1063 1535 1214 1585 portae
1253 1532 1511 1573 stationibus
1549 1533 1742 1586 murique

183 1592 408 1645 praesidiis
447 1592 622 1646 firmati3
665 1594 708 1632 et
747 1591 822 1632 ubi
859 1591 998 1645 prima
1029 1591 1102 1631 lux
1135 1590 1392 1632 mediocrem
1424 1591 1742 1632 multitudinem

184 1655 281 1691 ante
325 1651 491 1691 moenia
534 1665 672 1704 neque
717 1650 849 1690 alium
892 1664 1020 1704 quam
1059 1649 1282 1690 Tiburtem
1326 1649 1495 1690 hostem
1540 1649 1740 1704 ostendit,

230 1755 377 1798 eyressis
397 1782 405 1789 .
428 1782 434 1788 .
457 1783 463 1789 .
487 1753 717 1799 Tiburtibus]
751 1753 834 1787 Abl.
862 1754 925 1788 ab·

184 1801 259 1843 sol,
294 1813 355 1834 um
389 1800 455 1835 auf
483 1800 609 1835 diesen
637 1800 822 1835 Umstand
855 1800 925 1834 Ge-

182 1849 295 1882 wicht
332 1859 375 1881 zu
411 1847 531 1892 legen.
583 1847 782 1881 Einfacher
807 1850 924 1881 ware:

181 1896 288 1929 simul
319 1906 399 1929 cum
431 1895 578 1937 ccressis
612 1895 661 1929 ad
687 1905 786 1938 opem
810 1895 923 1937 feren-

181 1943 265 1976 dam
293 1942 506 1976 Tiburtibus
531 1943 632 1976 intra
651 1953 691 1986 p.
713 1952 741 1976 c.

229 1994 260 2023 8.
289 1989 425 2033 adora]
460 1988 537 2022 scil.
564 1999 653 2023 eum.

229 2038 260 2069 9.
282 2035 441 2080 remisso]
455 2036 465 2051 ‘
477 2035 702 2079 uberlassen,
716 2046 799 2068 zum
810 2033 923 2078 Opfer

182 2082 392 2126 gebrachff.

227 2128 314 2173 eyit]
346 2129 395 2162 im
421 2129 520 2162 Miirz
547 2128 655 2172 (nach
682 2128 751 2162 den
778 2127 921 2162 Trium-

180 2174 420 2219 phalfasten‘).
442 2175 490 2208 Es
505 2175 553 2209 ist
565 2176 629 2210 der
640 2174 921 2219 ersteTriumph

181 2222 282 2256 eines
309 2222 506 2265 Plebejers.

226 2269 331 2313 satis]
358 2269 469 2303 nami.
497 2279 576 2303 esse.
630 2269 756 2303 Davon
782 2268 832 2303 ist
858 2269 922 2303 der

181 2315 292 2349 Dativ
318 2315 440 2349 Fabio
466 2315 666 2359 abhsngig.

229 2362 358 2408 cisum]
387 2362 463 2396 scil.
492 2364 635 2396 senatui
660 2365 718 2396 est.

228 2410 282 2454 ut]
309 2410 405 2443 nach
431 2410 520 2443 satis
546 2420 626 2450 esse,
649 2409 728 2442 eine
750 2408 833 2442 sehr
852 2409 920 2442 sel-

179 2459 266 2490 tene
305 2455 573 2490 Konstruktion
610 2455 750 2500 (Plaut.
788 2455 919 2489 Bacch.

180 2506 266 2545 4913
305 2502 376 2537 Cic.
412 2502 470 2537 off.
492 2507 523 2543 3,
546 2507 606 2544 73;
651 2503 757 2537 Tusc.
785 2506 817 2546 5,
844 2505 919 2545 53).

182 2550 291 2584 Sonat
317 2551 416 2584 steht
442 2551 506 2583 der
531 2549 707 2585 Infinitiv.

227 2596 363 2642 ovans]
411 2596 632 2639 ‘feierlich',
676 2596 728 2630 im
770 2595 919 2629 kleinen

181 2643 373 2688 Triumpln
398 2656 442 2677 zu
468 2643 588 2686 pferd,
619 2643 723 2676 nicht
748 2642 814 2676 auf
836 2642 920 2676 dem

178 2689 501 2734 Triumphwagen,
523 2690 618 2724 doch
637 2690 675 2724 in
694 2687 920 2734 Begleitung

181 2737 243 2771 des
272 2736 501 2781 siegreichen
529 2737 676 2771 Heeres.

225 2784 351 2829 iniret]
385 2796 444 2818 am
465 2788 497 2818 5.
513 2783 611 2827 Sept.
634 2784 696 2817 des
716 2783 748 2818 J.
763 2786 831 2817 394
857 2782 921 2816 der

187 2828 296 2865 Stadt
321 2831 434 2874 (nach
461 2830 533 2865 den
559 2830 920 2873 Triumphalfasten).

1047 1756 1100 1787 10.
1127 1753 1192 1787 ubi
1213 1780 1221 1787 .
1242 1780 1249 1787 .
1271 1779 1278 1787 .
1300 1752 1518 1798 conflixisse]
1546 1752 1585 1787 in
1606 1751 1738 1798 Frage-

997 1799 1093 1835 form
1113 1799 1386 1844 eingekleidete
1406 1798 1654 1844 Behauptung
1679 1803 1740 1844 (=

996 1857 1175 1890 nusquam
1195 1874 1202 1881 .
1219 1874 1226 1881 .
1243 1875 1249 1880 .
1271 1847 1502 1890 conflixisse),
1513 1848 1741 1891 sogenannte

996 1893 1224 1928 rhetorische
1243 1894 1379 1938 Frage3
1406 1893 1521 1928 daher
1545 1894 1630 1929 Acc.
1659 1905 1741 1928 cum

996 1940 1063 1975 Inf.

1043 1987 1216 2032 viderint]
1243 1986 1317 2021 Das
1337 1986 1496 2031 Tempus
1522 1986 1586 2021 der
1611 1985 1733 2021 direk-

994 2036 1058 2069 ten
1090 2034 1192 2068 Rede
1230 2034 1280 2069 ist
1310 2034 1406 2068 nach
1435 2037 1628 2078 postquam
1662 2032 1740 2068 bei-

995 2081 1171 2115 behalten
1192 2080 1274 2124 (wie
1297 2085 1326 2119 1,
1349 2084 1380 2123 1,
1401 2084 1422 2115 8
1447 2081 1522 2114 und
1550 2084 1605 2123 21,
1620 2084 1677 2121 38,
1692 2081 1739 2124 5).

994 2128 1099 2162 Auch
1112 2127 1252 2161 konnte
1272 2126 1595 2171 dasPlusquampf.
1611 2127 1742 2162 stehen

995 2174 1078 2218 (wie
1104 2178 1160 2217 38,
1184 2178 1237 2216 10,
1259 2180 1278 2208 6
1305 2174 1380 2208 und
1405 2177 1461 2217 45,
1483 2179 1516 2215 3,
1536 2175 1582 2218 8).
1793 2173 1794 2178 ’

1043 2221 1105 2255 12.
1128 2226 1157 2255 1.
1181 2221 1237 2256 M.
1258 2221 1418 2266 Popilio]
1445 2220 1494 2255 Er
1515 2232 1590 2255 war
1610 2221 1735 2265 spater

994 2270 1089 2303 noch
1135 2268 1291 2302 dreimal
1335 2268 1476 2303 Konsul
1519 2268 1620 2311 (356,
1657 2270 1738 2310 350,
1755 2282 1763 2291 2

995 2318 1063 2349 348
1091 2327 1123 2349 v,
1145 2314 1254 2357 Chn).

1044 2361 1108 2396 Cn.
1134 2362 1294 2407 Manlio]
1335 2360 1385 2395 Er
1411 2372 1486 2396 war
1513 2360 1572 2395 ein
1597 2360 1737 2396 Bruder

995 2408 1058 2442 des
1080 2409 1120 2442 T.
1135 2408 1294 2442 Manlius
1310 2408 1518 2452 Torquatus
1540 2408 1650 2451 (nach
1664 2407 1736 2442 den

994 2455 1308 2499 kapitolinischen
1331 2455 1495 2499 Fasten),
1521 2458 1589 2489 357
1603 2466 1636 2489 v.
1652 2452 1736 2489 Chr.

993 2502 1130 2536 wieder
1167 2501 1328 2545 Konsul‚
1368 2504 1434 2535 351
1474 2500 1627 2544 Censor,
1667 2503 1736 2535 345

993 2548 1257 2583 Reiteroberst.

1039 2600 1069 2630 2.
1098 2596 1146 2630 ad
1170 2595 1251 2640 hoc]
1287 2595 1342 2630 oft
1365 2594 1427 2630 bei
1453 2593 1592 2630 Sallust
1615 2606 1649 2630 u,
1674 2593 1734 2628 Li-

991 2641 1091 2685 vius,
1117 2659 1161 2671 =
1188 2645 1373 2681 praeterea
1397 2644 1431 2685 (§
1455 2643 1525 2685 11).

1038 2689 1202 2734 inscitia]
1231 2688 1498 2723 ‘Unkenntnis'
1527 2687 1622 2732 (vgl.
1641 2687 1744 2732 Kap„

993 2740 1055 2778 34,
1078 2737 1158 2780 13),
1184 2735 1398 2770 verbunden
1428 2735 1497 2769 mit
1528 2734 1648 2770 einem
1672 2734 1735 2769 ab·

992 2783 1180 2827 hangigen
1204 2783 1416 2826 FragesatZ.

1042 2834 1072 2864 3.
1098 2829 1250 2874 firmati]
1282 2827 1522 2874 ‘gesichert'.
