1794 3084
104 135 132 153 a.
153 127 205 153 cn.
224 134 252 152 n.
273 127 422 153 335-333.
595 116 741 152 LIBER
766 116 863 152 VIII.
909 115 1013 153 CAP.
1038 121 1093 152 16.
1124 120 1178 152 17.
1624 117 1681 158 43

227 226 298 280 Ei,
331 226 409 267 etsi
444 225 547 267 belli
580 240 680 280 pars
708 240 803 268 cum
833 224 1034 268 Sidicinis
1061 225 1265 280 restabat,
1291 227 1450 279 tamen,
1476 226 1524 266 ut
1550 224 1677 267 bene·
1709 234 1751 266 13

112 285 211 328 ficio
231 285 535 340 praevenirent
556 284 815 327 desiderium
836 285 990 340 plebis,
1017 284 1067 326 de
1095 285 1265 327 colonia
1285 284 1532 326 deducenda
1553 282 1677 326 Cales

110 345 392 399 rettulerunt,
425 344 627 399 factoque
661 346 836 386 senatus
869 345 1076 398 consulto,
1110 346 1158 385 ut
1191 344 1273 386 duo
1306 344 1426 385 milia
1452 343 1680 399 quingenti
1707 353 1751 383 14

108 403 309 446 homines
338 418 386 446 eo
415 404 717 457 scriberentur,
750 404 1000 445 triumviros
1030 404 1224 445 coloniae
1252 403 1521 445 deducendae
1555 417 1679 458 agro-

109 477 191 518 que
231 463 466 505 dividundo
506 466 763 505 creaverunt
796 461 1032 505 Caesonem
1072 461 1303 517 Duillium,
1335 461 1381 504 T.
1416 461 1679 516 Quinctium,

107 521 163 564 M.
196 521 391 564 Fabium.

225 580 340 623 Novi
369 581 520 624 deinde
553 581 751 623 consules
780 596 804 623 a
831 581 1046 622 veteribus
1073 581 1262 622 exercitu
1290 583 1464 635 accepto
1493 577 1744 636 ingressil'7

107 640 302 683 hostium
334 642 442 682 fines
475 640 720 695 populando
762 655 894 696 usque
934 640 986 681 ad
1027 641 1199 682 moenia
1239 642 1369 694 atque
1401 640 1551 681 urbem
1583 654 1678 694 per-

109 702 330 742 venerunt.
384 700 446 742 ibi
475 700 576 754 quia
607 700 773 755 ingenti
807 700 995 741 exercitu
1027 703 1276 755 comparato
1312 699 1490 740 Sidicini
1523 701 1566 740 et
1597 698 1678 753 ipsi
1705 707 1725 738 2

105 774 185 814 pro
213 762 407 801 extrema
433 774 508 814 spe
536 759 781 801 dimicaturi
808 760 931 801 enixe
960 759 1221 800 videbantur
1247 761 1290 799 et
1316 757 1539 800 Samnium
1561 758 1678 799 fama

106 821 200 860 erat
232 818 393 860 conciri
426 819 477 860 ad
512 819 694 872 bellum,
733 819 918 860 dictator
952 819 1005 860 ab
1048 818 1298 860 consulibus
1332 832 1382 858 ex
1416 818 1676 859 auctoritate
1703 827 1723 857 3

107 879 282 920 senatus
315 878 452 920 dictus
481 877 525 920 P.
554 877 783 920 Cornelius
818 878 1010 932 Rufinus,
1043 878 1251 933 magister
1284 877 1478 931 equitum
1504 876 1560 918 Μ.
1588 876 1677 918 An—

103 937 264 979 tonius.
296 938 452 993 religio
487 937 638 979 deinde
669 937 849 979 incessit
880 938 986 979 vitio
1014 951 1087 978 eos
1116 940 1300 992 creatos,
1331 936 1677 991 magistratuque
1703 945 1726 976 4

103 1011 149 1037 30
176 996 503 1050 abdicaverunt,
537 999 579 1038 et
606 997 707 1051 quia
733 997 982 1051 pestilentia
1010 996 1206 1038 insecuta
1233 999 1309 1050 est,
1336 996 1454 1037 velut
1475 996 1676 1037 omnibus

101 1070 152 1098 eo
181 1055 285 1098 vitio
319 1057 527 1098 contactis
560 1056 780 1111 auspiciis,
811 1070 877 1097 res
911 1056 965 1098 ad
997 1056 1294 1111 interregnum
1327 1055 1465 1097 rediit.

222 1116 291 1157 Ab
336 1116 585 1171 interregno
634 1116 745 1157 inito
800 1130 877 1170 per
928 1116 1126 1170 quintum
1180 1115 1351 1156 demum
1402 1115 1676 1169 interregem,
1703 1123 1724 1154 5

102 1173 158 1216 M.
193 1173 416 1216 Valerium
450 1174 658 1229 Corvum,
698 1175 832 1217 creati
865 1175 1062 1217 consules
1095 1175 1146 1216 A.
1180 1173 1410 1216 Cornelius
1443 1174 1600 1215 iterum
1635 1176 1677 1215 et

103 1232 181 1276 Cn.
212 1233 445 1276 Domitius.

223 1293 488 1348 Tranquillis
527 1293 655 1335 rebus
695 1293 812 1334 fama
846 1292 1000 1335 Gallici
1038 1293 1141 1334 belli
1179 1307 1256 1347 pro
1295 1292 1485 1334 tumultu
1523 1292 1673 1345 valuit,
1703 1302 1722 1332 6

101 1354 151 1393 ut
194 1351 449 1394 dictatorem
495 1353 578 1394 dici
622 1352 824 1407 placeret.
889 1352 1026 1394 dictus
1068 1352 1124 1393 M.
1165 1351 1363 1407 Papirius
1403 1350 1588 1393 Crassus
1634 1354 1676 1392 et

100 1411 311 1467 magister
343 1412 532 1467 equitum
562 1411 608 1454 P.
630 1411 829 1454 Valerius
856 1411 1091 1454 Publicola.
1135 1426 1160 1452 a
1187 1412 1341 1466 quibus
1370 1426 1464 1452 cum
1492 1411 1674 1452 dilectus
1699 1421 1718 1451 7

101 1471 312 1513 intentius
346 1486 474 1527 quam
508 1471 713 1513 adversus
747 1471 935 1513 finitima
961 1472 1074 1513 bella
1100 1471 1344 1524 haberetur,
1378 1470 1673 1524 exploratores

102 1530 228 1572 missi
262 1531 503 1572 attulerunt
535 1531 681 1586 quieta
714 1531 862 1572 omnia
895 1531 1008 1584 apud
1040 1529 1188 1571 Gallos
1223 1544 1327 1571 esse.

223 1589 446 1632 Samnium
481 1605 648 1645 quoque
680 1591 767 1631 iam
800 1591 984 1631 alterum
1025 1604 1185 1631 annum
1218 1588 1385 1630 turbari
1417 1588 1542 1630 novis
1576 1601 1672 1629 con·
1699 1598 1720 1630 8

103 1649 215 1690 311113
249 1652 499 1703 suspectum
531 1652 640 1704 erat3
677 1663 726 1691 eo
761 1664 812 1690 ex
844 1663 949 1704 agro
983 1647 1172 1690 Sidicino
1206 1649 1416 1690 exercitus
1449 1647 1671 1689 Romanus

155 1816 209 1847 13.
232 1813 414 1858 beneficio]
436 1812 505 1848 Die
520 1812 726 1857 Griindung
748 1812 849 1847 einer

102 1859 262 1895 Kolonie
288 1872 365 1895 war
391 1860 473 1895 eine
488 1860 689 1895 Wohlthat
708 1860 768 1894 fiir
788 1859 849 1894 die

102 1911 246 1942 {irruere
272 1907 395 1951 Plebs,
429 1907 593 1943 insofern
627 1907 682 1942 als
715 1919 763 1942 an
789 1906 849 1941 (110

101 1966 222 1990 neuen
272 1954 494 1990 Kolonisten
545 1954 649 1990 Land
700 1954 851 1989 verteilt

99 2002 236 2037 wurde.
288 2001 357 2037 Dic
394 2002 433 2036 in
469 2003 553 2037 dem
590 2001 709 2037 testen
745 2001 850 2037 Cales

96 2050 298 2095 angelegte
338 2049 497 2085 Kolonie
538 2061 615 2084 war
653 2049 746 2084 dazu
787 2049 850 2083 be—

98 2096 260 2140 stimmt‚
307 2097 366 2133 die
407 2097 545 2132 Sti-asse
585 2096 681 2132 nach
722 2096 850 2141 Capua

97 2145 174 2179 und
215 2144 447 2190 Campanien
486 2156 529 2179 zu
569 2145 725 2179 sichern.
788 2144 848 2178 Sie

97 2192 256 2227 bestand
299 2204 364 2227 aus
401 2192 576 2227 Latinern
617 2191 695 2238 (29,
720 2194 773 2234 15,
796 2192 847 2235 ?›);

97 2239 157 2274 die
178 2240 326 2284 Romer,
353 2239 495 2275 welche
525 2240 604 2274 sich
624 2240 660 2273 in
682 2238 848 2274 dieselbe

99 2286 325 2322 aufnehmen
369 2286 522 2331 liessen,
567 2287 736 2322 verloren
781 2286 847 2320 das

96 2333 358 2379 Burgerrecht.

149 2391 205 2422 14.
257 2387 486 2434 creaverunt]
553 2387 621 2422 Die
682 2386 850 2422 Konsuln

97 2434 230 2470 liessen
259 2434 312 2470 sie
341 2435 457 2469 durch
485 2434 551 2470 das
571 2435 669 2470 Volk
689 2434 850 2469 wi'ihlen.

148 2494 209 2529 17.
234 2498 262 2529 1.
290 2495 377 2530 novi
404 2494 584 2540 consules]
612 2494 789 2529 Veturius
816 2505 850 2529 u.

102 2540 328 2578 Postumius

145 2595 284 2641 urbem]
312 2594 479 2630 Teanum
507 2593 727 2629 Sidicinum.

147 2651 178 2682 2.
207 2652 241 2684 et
259 2648 348 2694 ipsi]
371 2647 624 2693 pleonastisch
650 2647 848 2692 zugesetzt,

98 2694 151 2729 im
178 2695 390 2741 Gegensatz
417 2708 462 2730 zu
489 2695 694 2730 Samnium.

150 2757 182 2789 3.
210 2755 256 2790 ab
277 2754 503 2801 consulibus]
529 2754 563 2789 d.
579 2754 614 2789 h.
635 2764 707 2789 von
727 2752 848 2789 einem

97 2800 304 2837 derselben.

145 2859 178 2889 4.
205 2866 244 2891 eo
269 2856 376 2902 vitio]
409 2855 555 2900 Infolge
589 2855 653 2890 des
690 2854 751 2889 bei
784 2854 849 2888 der

98 2901 214 2937 Wahl
228 2902 292 2939 des
300 2902 495 2939 Diktators
507 2902 847 2948 vorgekommenen

922 1812 1073 1846 Felilers
1102 1811 1331 1846 bezweifelte
1364 1822 1450 1845 man
1483 1812 1578 1845 auch
1612 1810 1672 1845 (110

923 1859 1266 1903 Rechtmassigkeit
1281 1859 1346 1893 der
1359 1857 1672 1894 konsularischen

924 1905 1144 1951 Auspizien3
1181 1906 1241 1941 die
1270 1907 1437 1941 Konsuln
1470 1906 1672 1940 uuternah-

923 1965 1007 1988 men
1048 1953 1169 1988 nichts
1207 1953 1284 1988 und
1320 1953 1451 1988 liessen
1485 1953 1550 1988 das
1581 1953 1673 1987 Jahr

924 2012 968 2035 zu
1005 2000 1109 2036 Ende
1149 2001 1288 2045 gehen,
1328 2001 1424 2036 ohne
1464 2000 1524 2036 die
1557 2000 1673 2035 Wahl

924 2059 997 2083 von
1022 2048 1277 2093 Nachfolgeru
1307 2048 1591 2083 vorzunehmen.

971 2100 1003 2131 5.
1022 2096 1250 2142 imeri-cyma]
1265 2095 1287 2130 J
1290 2096 1376 2131 eder
1392 2097 1556 2131 lutei-rex
1569 2095 1670 2130 blieb

922 2143 1008 2177 funs
1025 2144 1127 2188 Tage
1147 2145 1198 2179 im
1213 2142 1319 2186 Amt3
1341 2143 1406 2179 der
1426 2144 1523 2178 erste
1545 2143 1670 2177 wurde

922 2201 1009 2225 vom
1032 2191 1146 2226 Senat
1173 2193 1345 2233 ernannt3
1373 2191 1473 2226 daun
1497 2190 1670 2226 bestellte

918 2238 1026 2283 jeder
1053 2239 1171 2273 selbst
1196 2239 1322 2274 seinen
1350 2238 1592 2283 Nachfolger.

969 2286 1015 2321 A.
1059 2286 1264 2333 Cornelius]
1305 2286 1562 2321 Reiteroberst
1601 2289 1668 2320 353

921 2333 998 2367 und
1019 2337 1099 2378 349,
1126 2333 1269 2368 Κο113111
1290 2338 1370 2376 343,
1398 2333 1668 2368 Diktator322.

973 2384 1004 2415 6.
1030 2393 1098 2425 pro
1119 2383 1277 2417 tumultu
1296 2382 1430 2428 valuit]
1459 2381 1587 2416 ‘hatte
1609 2379 1670 2416 die

924 2428 1145 2474 Bedeutung
1196 2429 1296 2464 eines
1336 2428 1569 2463 'I'umultus'.
1621 2448 1668 2453 —-

923 2474 1046 2511 chn
1073 2477 1137 2512 der
1161 2476 1275 2512 Senat
1300 2476 1474 2519 erklarte,
1501 2474 1582 2510 dass
1610 2475 1668 2509 ein

923 2525 1102 2559 tumultus
1131 2524 1194 2567 sei,
1225 2524 1368 2558 worauf
1394 2523 1449 2558 ost
1474 2523 1532 2557 die
1553 2521 1670 2556 Wa'nl

924 2570 1024 2606 eines
1035 2571 1228 2606 Diktators
1237 2571 1409 2615 erfolgte‚
1419 2571 1584 2605 konnten
1594 2569 1668 2604 alle

922 2617 1315 2662 tauglichenMiinner‚
1334 2618 1429 2652 auch
1445 2616 1668 2662 diejenigen,

923 2665 1064 2700 welche
1091 2667 1196 2700 sonet
1221 2677 1304 2700 vom
1326 2664 1588 2710 Kriegsdienst
1608 2665 1668 2699 be·

922 2712 1009 2747 freit
1041 2723 1177 2754 waren,
1210 2713 1449 2758 ausgehoben
1482 2712 1556 2747 und
1589 2722 1668 2747 ver-

922 2758 1042 2805 eidigt
1067 2761 1226 2796 werden.

971 2811 1002 2843 7.
1030 2807 1218 2854 adversus]
1245 2806 1331 2851 Vgl.
1359 2807 1453 2852 Kap.
1479 2810 1512 2849 2,
1535 2809 1566 2842 5.

969 2858 1001 2889 8.
1022 2855 1183 2901 turbari]
1206 2854 1369 2889 Infinitiv
1391 2854 1451 2890 bei
1471 2856 1669 2899 suspectus,

921 2901 992 2937 wie
1018 2903 1104 2938 Tac.
1132 2902 1227 2937 Hist.
1256 2907 1286 2945 1,
1308 2906 1364 2937 46.
