1794 3084
102 1097 144 1128 10
172 1089 335 1126 maesta
367 1085 488 1139 plebs
529 1087 787 1138 sequeretur.

168 94 225 135 44
691 93 834 127 LIBER
860 93 938 128 vn.
991 92 1091 128 CAP.
1120 96 1174 129 18.

1438 110 1463 129 a.
1482 112 1510 130 u.
1531 111 1554 130 c.
1574 105 1635 131 399.
1654 105 1720 132 400.

170 202 417 244 consulatus
457 203 549 253 fiat,
589 204 662 242 aut
699 204 839 242 totum
880 201 1202 254 possidendum,
1245 216 1370 255 quam
1402 203 1717 256 possessionem

121 273 141 304 5
168 262 380 316 integram
414 276 438 301 a
469 261 665 315 patribus
704 260 980 314 accepissent.

1042 260 1186 314 plebes
1227 263 1377 301 contra
1415 260 1577 303 fremit:
1619 262 1717 316 quid

169 335 212 362 se
228 322 378 371 vivere,
396 320 494 373 quid
516 319 560 360 in
580 323 701 374 parte
723 319 878 360 civium
899 319 1073 372 censeri,
1096 319 1143 372 si,
1165 318 1273 373 quod
1296 319 1475 361 duorum
1495 319 1718 362 hominum

168 380 340 430 virtute,
372 378 419 419 L.
447 378 565 419 Sexti
599 393 647 419 ac
680 376 724 418 C.
751 377 901 431 Licini,
933 380 1104 431 partum
1138 378 1206 428 sit,
1239 378 1281 418 id
1308 378 1499 420 obtinere
1532 379 1718 421 universi

123 449 142 479 6
169 452 256 479 non
289 437 484 491 possint?
516 437 582 478 vel
609 450 743 491 reges,
776 436 841 477 vel
869 436 1141 490 decemviros,
1172 436 1240 477 vel
1267 437 1304 477 si
1329 437 1441 491 quod
1467 438 1633 480 tristius
1662 438 1719 480 sit

170 497 335 550 imperii
366 510 542 550 nomen,
574 495 820 549 patiendum
854 509 945 536 esse
978 495 1140 549 potius,
1173 510 1299 550 quam
1333 496 1482 537 ambos
1514 497 1718 551 patricios

172 555 365 596 consules
410 555 584 596 videant
620 569 698 595 nec
736 554 917 594 invicem
958 557 1156 607 pareatur
1195 557 1320 608 atque
1358 555 1607 610 imperetur,
1647 556 1720 598 sed

170 629 269 668 pars
309 616 445 654 altera
482 614 523 654 in
565 616 738 654 aeterno
779 613 958 667 imperio
997 613 1138 654 locata
1182 614 1351 666 plebem
1388 628 1599 668 nusquam
1638 615 1721 657 alio

123 684 142 714 8
170 675 318 714 natam
347 687 472 726 quam
501 672 553 713 ad
580 671 848 713 serviendum
881 674 1012 725 putet.
1050 687 1137 713 non
1159 672 1311 713 desunt
1336 672 1498 714 tribuni
1524 675 1721 716 auctores

171 732 408 784 turbarum,
437 731 509 772 sed
536 732 648 772 inter
675 732 912 772 concitatos
938 745 1014 785 per
1041 745 1084 772 se
1106 745 1252 772 omnes
1274 731 1344 772 vix
1370 731 1494 773 duces
1523 732 1722 775 eminent.

290 790 561 844 Aliquotiens
578 789 737 831 frustra
751 789 795 830 in
811 804 1006 843 campum
1023 789 1269 831 descensum
1284 804 1377 831 cum
1393 793 1504 832 esset
1515 791 1723 846 multique

170 863 246 904 per
267 849 501 890 seditiones
522 849 605 890 acti
632 849 867 890 comitiales
891 848 991 903 dies,
1012 852 1230 903 postremo
1251 849 1387 890 victae
1406 851 1724 903 perseverantia

171 909 395 950 consulum
427 908 565 962 plebis
599 922 646 949 eo
680 907 801 949 dolor
834 907 990 960 erupit,
1029 910 1076 948 ut
1113 908 1328 962 tribunos,
1368 911 1509 950 actum
1549 923 1639 950 esse
1671 910 1723 951 de

169 967 366 1008 libertate
393 967 675 1008 vociferantes
701 966 1109 1021 relinquendumque
1129 981 1216 1008 non
1238 981 1435 1020 campum
1461 968 1548 1009 iam
1569 968 1720 1023 solum,

171 1026 243 1067 sed
277 1027 407 1067 etiam
440 1027 601 1081 urbem,
633 1028 799 1079 captam
827 1028 955 1079 atque
989 1040 1236 1079 oppressam
1267 1039 1399 1081 regno
1431 1027 1724 1082 patriciorum,

850 1085 1045 1125 consules
1077 1084 1212 1126 relicti
1245 1099 1269 1125 a
1301 1087 1421 1139 parte
1459 1086 1608 1140 populi
1646 1100 1723 1140 per

172 1144 503 1199 infrequentiam
531 1143 704 1185 comitia
731 1143 866 1184 nihilo
895 1144 1067 1198 segnius
1095 1143 1330 1197 perficiunt.
1375 1144 1507 1186 creati
1528 1145 1723 1186 consules

172 1203 298 1244 ambo
331 1203 512 1257 patricii,
543 1202 599 1244 M.
630 1202 790 1243 Fabius
824 1202 1062 1243 Ambustus
1097 1203 1283 1254 tertium,
1316 1203 1360 1244 T.
1387 1201 1638 1252 Quinctius.>
1679 1203 1724 1245 in

175 1353 238 1398 ‘ja‚
253 1353 450 1394 ffirwahr’;
473 1353 607 1388 ebenso
622 1357 678 1395 26,
694 1356 748 1396 19,
763 1355 782 1386 8
805 1353 907 1396 (quin

167 1402 308 1446 potius)
327 1400 402 1435 und
424 1404 479 1443 35,
495 1404 550 1443 26,
568 1405 609 1434 10
631 1401 731 1445 (quin
759 1401 911 1442 eontra).

220 1459 328 1493 quam
371 1448 644 1493 possessionem]
695 1445 754 1480 fiir
809 1448 913 1481 euius

168 1506 434 1540 possessionem.

221 1547 252 1577 5.
279 1543 368 1586 quid
392 1553 428 1576 se
452 1542 583 1587 vivere]
611 1541 728 1585 Frage
756 1540 819 1575 des
840 1540 912 1575 Un-

174 1590 330 1624 willens.
380 1588 466 1623 Man
493 1589 683 1623 erwartet:
718 1588 807 1632 quicl
832 1588 914 1632 ipsa

174 1638 324 1680 viveret,·
351 1636 410 1670 die
431 1636 549 1679 Frage
576 1634 627 1669 ist
645 1635 734 1669 aber
758 1635 812 1668 als
833 1635 913 1668 eine

176 1684 425 1728 Behauptung
451 1683 518 1727 (sie
545 1681 655 1717 wolle
681 1681 786 1716 nicht
810 1681 914 1715 mehr

173 1731 297 1775 leben)
324 1730 360 1764 in
394 1731 465 1764 den
491 1731 575 1765 Ace.
604 1740 632 1763 c.
660 1729 726 1763 Inf.
760 1730 913 1773 gesetzt.

173 1777 258 1822 Vgl.
288 1781 348 1820 30,
369 1781 432 1820 21,
455 1781 474 1811 6
501 1787 591 1821 quas
623 1777 751 1811 deinde
782 1776 913 1818 clades,

174 1836 260 1870 quos
299 1826 417 1859 luctus
453 1823 649 1859 incidisse?
689 1827 751 1867 37,
777 1827 838 1866 26,
870 1827 912 1857 13

175 1876 311 1917 quanto
336 1873 452 1906 satius
478 1882 592 1906 esse..
610 1870 646 1906 ..9

221 1921 261 1954 in
281 1919 404 1964 parte]
434 1918 509 1952 ‘als
536 1918 594 1952 ein
621 1917 744 1960 Teil’,
771 1917 912 1951 falsche

174 1966 357 2010 Analogia
378 1978 438 2000 zu:
458 1966 499 1999 in
517 1975 677 2007 numero,
705 1964 834 1998 ‘unter
854 1963 912 1998 die

175 2012 265 2047 Zahl
276 2014 299 2046 ⁷.
322 2013 402 2055 Vgl.
413 2016 470 2055 21,
482 2015 565 2054 13‚5
577 2012 617 2046 in
631 2012 762 2045 damno
776 2012 913 2053 habere,

177 2059 253 2094 ‘als
280 2060 386 2093 einen
415 2058 564 2093 Verlust
588 2058 839 2092 betrachten’.

223 2111 253 2141 6.
275 2106 432 2151 tristius]
454 2106 593 2149 “arger,
607 2104 913 2139 schrecklicher'.

218 2153 450 2198 patiendum]
479 2153 543 2186 Als
565 2151 723 2195 Subjekt
748 2151 840 2185 dazu
866 2152 915 2186 ist

178 2211 243 2235 aus
258 2200 340 2234 dem
355 2199 676 2243 Bedingungssatz
695 2199 743 2234 si.
755 2227 760 2233 .
772 2210 915 2234 ‚nomen

177 2259 220 2282 zu
248 2247 487 2281 entnehmen:
515 2247 553 2280 id
579 2247 778 2289 imperium.

219 2295 356 2339 potius,
373 2293 495 2337 quam]
516 2292 605 2326 bald
626 2292 693 2326 mit
714 2292 797 2326 dem
817 2292 915 2327 Kon-

174 2341 324 2386 junktiv
346 2341 439 2374 ohne
458 2344 497 2374 ut
511 2339 618 2383 (Kal).
634 2343 688 2381 30,
708 2344 747 2373 17
765 2340 837 2373 und
858 2343 915 2384 40,

180 2390 248 2432 14),
274 2388 362 2422 bald
388 2387 457 2421 mit
481 2390 521 2421 ut
547 2387 590 2429 (z,
611 2385 650 2420 B.
666 2390 699 2428 4,
723 2390 776 2428 12,
799 2388 867 2431 11).

224 2434 386 2479 videant]
403 2434 512 2468 sehen
534 2445 568 2467 m
580 2432 725 2467 iissten
742 2435 788 2475 (3,
801 2438 855 2476 30,
869 2435 914 2477 6).

227 2485 257 2518 7.
284 2483 325 2516 in
398 2480 531 2525 locata]
556 2479 914 2523 ‘mit...bekleidet‚

179 2540 223 2563 zu
295 2528 469 2571 erhoben,
495 2526 731 2571 eingesetzt'.
766 2530 797 2569 6,
819 2531 873 2568 35,
897 2531 913 2560 1

177 2577 254 2611 suis
279 2577 319 2610 in
343 2585 479 2610 summo
510 2575 660 2618 imperio
690 2574 833 2615 locatis,·
860 2578 915 2617 39,

180 2627 235 2665 53,
247 2626 269 2656 4
283 2623 466 2657 Romanos
477 2621 695 2655 Demetrium
711 2622 752 2655 in
762 2625 916 2665 paterno

177 2670 267 2704 solio
293 2671 482 2704 locuturos.

225 2727 402 2761 nusquam
422 2714 512 2760 alio]
526 2732 568 2744 =
584 2715 632 2749 acl
650 2715 790 2749 nullam
804 2715 915 2749 aliam

178 2774 260 2797 rem.
288 2769 319 2806 4,
343 2767 397 2806 54,
420 2766 449 2797 7.

226 2813 259 2843 8.
286 2808 492 2853 turbarum]
520 2809 585 2843 der
611 2809 796 2843 Unruhen.

226 2857 320 2891 inter
336 2884 359 2891 ..
373 2885 379 2891 .
393 2855 526 2901 omnes]
549 2872 592 2884 =
607 2866 686 2890 eum
711 2865 828 2890 omnes
848 2865 916 2899 per

987 1364 1022 1388 se
1047 1354 1219 1388 concitati
1244 1354 1329 1397 sint,
1356 1354 1460 1389 oder:
1486 1355 1581 1390 inter
1606 1355 1724 1390 conci-

987 1404 1102 1434 tatam
1122 1412 1190 1444 per
1215 1411 1250 1435 se
1268 1401 1553 1446 multitudinem,
1575 1401 1635 1437 bei
1659 1402 1727 1437 der

988 1447 1235 1491 allgemeinen
1261 1448 1487 1493 Aufregung.

1033 1498 1063 1528 9.
1096 1495 1137 1528 in
1169 1494 1350 1540 campum]
1383 1495 1494 1531 n'aml.
1529 1496 1724 1531 Martium.

986 1541 1078 1576 Dort
1104 1542 1239 1576 fanden
1264 1542 1324 1576 die
1342 1541 1628 1577 Konsulwahlen
1648 1543 1723 1577 und

984 1589 1196 1632 uberhaupt
1245 1588 1304 1623 die
1349 1588 1724 1625 Centuriatkomitien

987 1636 1090 1670 statt.

1023 1684 1292 1727 perseverantia
1303 1683 1504 1729 consulum]
1513 1682 1560 1718 Es
1569 1682 1725 1728 scheint,

987 1729 1066 1764 dass
1079 1729 1178 1764 diese
1191 1730 1269 1765 sich
1281 1730 1504 1774 hartnackig
1514 1731 1725 1776 weigerten,

987 1777 1106 1811 einem
1127 1777 1296 1822 Plebejer
1316 1778 1430 1812 durch
1450 1777 1508 1812 die
1525 1777 1724 1812 Renuntia-

986 1824 1066 1858 tion
1085 1825 1149 1858 das
1164 1823 1442 1859 konsularische
1456 1825 1545 1858 Amt
1559 1836 1603 1860 zu
1617 1825 1725 1860 iiber·

986 1872 1128 1915 tragen.

1033 1922 1167 1953 maesta
1180 1918 1298 1964 plebs]
1319 1918 1388 1953 mit
1401 1918 1623 1953 Nachdruck
1642 1917 1723 1953 hin-

987 1968 1185 2009 zugesetzt.
1235 1969 1371 2001 maesta
1402 1966 1622 2000 wiederholt
1653 1966 1724 2000 den

988 2012 1101 2047 schon
1139 2013 1177 2046 in
1208 2013 1309 2048 ἀοῖον
1341 2013 1536 2057 liegenden
1567 2011 1721 2057 Begriff3

988 2060 1050 2094 des
1061 2059 1218 2104 Subjekt
1226 2061 1324 2103 plebs
1335 2072 1379 2094 zu
1388 2063 1590 2103 sequeretur
1599 2060 1724 2094 wfirde

987 2107 1063 2141 sich
1101 2108 1195 2140 ohne
1229 2106 1514 2151 Schwierigkeit
1545 2117 1609 2141 aus
1641 2106 1726 2141 dem

988 2153 1308 2198 Zusammenhang
1358 2154 1526 2197 ergeben.
1600 2152 1724 2189 Livius

989 2200 1105 2235 meint
1130 2201 1228 2235 wohl
1252 2200 1367 2243 nicht,
1394 2200 1472 2235 dass
1499 2200 1558 2235 die
1583 2211 1724 2245 ganze

989 2247 1098 2281 Plebs
1111 2247 1182 2281 den
1190 2246 1403 2292 Wahlplatz
1414 2247 1600 2282 verlassen
1611 2247 1724 2290 habe;

989 2294 1049 2328 ein
1075 2294 1215 2338 grosser
1240 2294 1319 2329 Teil
1346 2295 1536 2329 derselben
1557 2305 1633 2329 war
1652 2305 1726 2329 von

989 2341 1059 2375 den
1092 2340 1294 2376 Patriziern
1326 2353 1365 2376 so
1405 2343 1486 2376 sehr
1525 2341 1724 2386 abhangig,

989 2387 1070 2422 dass
1103 2389 1155 2422 sie
1190 2388 1388 2434 jedenfalls
1427 2399 1473 2422 an
1511 2388 1576 2422 der
1612 2387 1723 2422 Wahl

986 2434 1177 2470 teilnahm.

1038 2486 1091 2516 10.
1107 2494 1170 2526 per
1180 2481 1476 2527 infrequentiam]
1486 2482 1728 2526 unter(tr0tz)

988 2529 1052 2563 der
1075 2530 1251 2574 geringen
1266 2528 1409 2573 Menge,
1430 2529 1647 2563 schwachen
1660 2529 1727 2563 Be-

987 2575 1180 2621 teiligung.
1203 2576 1286 2620 Vgl.
1296 2579 1369 2619 5,2‚
1381 2579 1400 2610 5
1412 2587 1476 2620 per
1487 2576 1726 2620 frequentiam

986 2633 1166 2657 iuvenum.

1034 2671 1148 2704 nihilo
1167 2669 1326 2715 sequius]
1347 2669 1470 2703 indem
1492 2679 1530 2702 es
1550 2668 1724 2713 geniigte‚

989 2715 1069 2750 dass
1096 2716 1156 2750 die
1184 2717 1417 2751 Kandidaten
1449 2715 1508 2749 die
1535 2715 1726 2749 Mehrzahl

990 2762 1054 2797 der
1080 2762 1276 2798 Centurien
1301 2762 1360 2797 fiir
1386 2762 1464 2796 sich
1490 2762 1629 2796 hatten.

1035 2810 1089 2844 M.
1116 2809 1275 2855 Fabius]
1301 2809 1384 2852 Vgl.
1411 2808 1503 2852 Kap.
1527 2812 1580 2850 11,
1602 2811 1634 2843 2.

1037 2856 1078 2892 T.
1103 2855 1310 2901 Quinctius]
1332 2855 1413 2899 Vgl.
1434 2855 1526 2899 Kap.
1543 2858 1573 2897 9,
1590 2858 1621 2890 3.
1660 2854 1724 2889 Als
