1794 3084
78 228 100 258 4

80 347 99 377 5

78 523 98 553 G

83 699 100 729 ’ἶ

659 108 803 143 LIBER
822 107 920 144 VIII.
966 107 1067 143 CAP.
1093 111 1145 143 16.
1391 125 1416 144 a.
1437 126 1464 144 u.
1484 125 1509 144 c.
1530 119 1684 145 419—421.

125 109 181 150 42

247 217 396 272 Itaque
430 217 546 259 omni
580 230 658 270 ope
692 216 830 257 adnisi
864 218 976 269 sunt,
1008 218 1056 257 ut
1087 215 1321 257 maximum
1354 230 1404 258 ea
1428 218 1686 271 tempestate

128 277 431 331 imperatorem
464 276 519 317 M.
546 274 771 316 Valerium
799 273 985 316 Corvum
1013 275 1231 316 consulem
1258 277 1460 330 quartum
1486 275 1688 318 facerent.

129 336 294 389 collega
333 335 502 376 additus
537 332 676 376 Corvo
709 333 765 375 M.
798 333 960 375 Atilius
998 333 1201 389 Regulus.
1264 336 1307 375 et
1345 348 1398 375 ne
1436 334 1547 376 forte
1586 348 1688 377 casu

127 398 357 447 erraretur,
397 394 581 448 petitum
621 393 674 434 ab
715 393 982 447 consulibus,
1028 397 1075 434 ut
1114 396 1233 434 extra
1273 395 1434 434 sortem
1473 391 1600 435 Corvi
1638 408 1688 435 ea

126 453 346 508 provincia
379 456 503 494 esset.

245 512 446 553 Exercitu
492 512 652 553 victore
699 525 723 552 a
768 511 1060 565 superioribus
1105 510 1353 552 consulibus
1395 513 1589 565 accepto,
1634 511 1687 552 ad

129 569 267 624 Cales,
295 570 404 611 unde
432 570 594 612 bellum
622 573 764 612 ortum
791 572 894 623 erat,
920 569 1140 623 profectus
1163 584 1257 611 cum
1279 570 1426 611 hostes
1449 570 1503 611 ab
1525 570 1687 624 superi-

128 631 213 671 oris
247 629 378 671 etiam
412 629 660 671 certaminis
694 629 902 670 memoria
934 629 1110 683 pavidos
1144 629 1330 670 clamore
1364 631 1491 683 atque
1523 629 1686 684 impetu

128 689 265 743 primo
293 689 485 740 fudisset,
518 690 687 730 moenia
719 688 814 742 ipsa
847 702 1096 742 oppugnare
1123 691 1188 729 est
1214 688 1456 743 adgressus.
1504 691 1548 729 et
1573 688 1687 729 mili-

128 752 220 789 tum
254 748 424 802 quidem
455 747 492 788 is
527 750 620 788 erat
654 747 798 800 ardor,
838 751 887 788 ut
919 748 1003 788 iam
1037 747 1135 788 inde
1168 761 1264 788 cum
1297 747 1424 788 scalis
1458 747 1684 788 succedere

81 816 101 847 8
130 807 181 848 ad
225 821 370 848 muros
408 807 568 848 vellent
606 820 892 860 evasurosque
933 806 1254 861 contenderent,
1298 805 1481 860 Corvus,
1513 806 1613 860 quia
1644 805 1687 847 id

77 1052 97 1082 9

54 1229 96 1260 10

53 1526 92 1555 11

127 866 306 907 arduum
339 865 457 907 factu
491 868 593 919 erat,
626 865 773 907 labore
806 865 994 906 militum
1025 865 1170 918 potius
1197 879 1324 920 quam
1351 865 1538 919 periculo
1565 879 1685 919 pera-

127 939 226 980 gere
259 925 477 979 inceptum
509 924 660 966 voluit.
722 925 866 979 itaque
906 938 1107 979 aggerem
1141 927 1184 965 et
1214 925 1360 965 vineas
1400 924 1490 979 egit
1527 926 1686 965 turres-

126 999 206 1038 que
247 998 368 1025 muro
412 983 620 1034 admovit,
660 998 840 1038 quarum
883 998 1008 1024 usum
1047 982 1156 1024 forte
1197 983 1345 1024 oblata
1383 983 1686 1037 opportunitas

124 1043 370 1097 praevertit.
433 1057 617 1097 namque
650 1042 706 1085 M.
739 1042 915 1095 Fabius,
961 1042 1157 1097 captivus
1197 1041 1437 1096 Romanus,
1477 1056 1572 1083 cum
1611 1056 1687 1096 per

124 1102 443 1157 neglegentiam
482 1101 707 1143 custodum
744 1101 855 1143 festo
896 1101 962 1143 die
1008 1101 1187 1142 vinculis
1227 1101 1365 1154 ruptis
1404 1115 1480 1155 per
1517 1115 1686 1142 murum

124 1162 237 1202 inter
271 1176 401 1216 opera
433 1160 744 1214 Romanorum,
784 1160 967 1214 religata
1000 1160 1051 1201 ad
1094 1160 1271 1213 pinnam
1304 1161 1414 1201 muri
1446 1161 1560 1201 reste
1593 1174 1682 1201 sus-

124 1235 298 1274 pensus,
332 1220 530 1261 manibus
565 1235 608 1261 se
642 1219 901 1273 demisisset,
933 1219 1122 1274 perpulit
1153 1219 1474 1273 imperatorem,
1507 1221 1554 1260 ut
1586 1219 1685 1261 vino

124 1279 344 1332 epulisque
378 1279 541 1332 sopitos
573 1279 718 1320 hostes
761 1278 1076 1333 adgrederetur.
1134 1292 1213 1319 nec
1251 1278 1413 1319 maiore
1452 1277 1685 1319 certamine

124 1339 237 1392 capti
271 1352 366 1378 cum
398 1338 502 1378 urbe
534 1337 731 1378 Ausones
766 1341 884 1390 sunt,
927 1352 1054 1391 quam
1090 1337 1178 1378 acie
1212 1337 1297 1378 fusi
1329 1339 1466 1379 erant.
1527 1336 1687 1391 praeda

124 1400 249 1450 capta
283 1398 434 1450 ingens
468 1398 546 1449 est,
587 1396 886 1450 praesidioque
924 1395 1127 1450 imposito
1163 1394 1338 1437 Calibus
1371 1395 1571 1437 reductae
1603 1395 1687 1437 Ro-

122 1470 236 1496 mam
268 1456 472 1509 legiones

242 1513 400 1555 Consul
441 1529 490 1555 ex
537 1516 710 1554 senatus
756 1513 952 1555 consulto
999 1512 1306 1567 triumphavit,
1351 1515 1394 1554 et
1430 1527 1484 1553 ne
1522 1512 1684 1554 Atilius

124 1588 271 1627 expers
311 1573 475 1627 gloriae
515 1576 644 1624 esset,
683 1572 789 1614 iussi
829 1572 954 1613 ambo
994 1572 1190 1613 consules
1231 1572 1432 1613 adversus
1471 1569 1682 1613 Sidicinos

77 1644 94 1673 ³2
124 1633 274 1674 ducere
309 1632 553 1673 exercitum.
611 1632 866 1673 dictatorem
899 1633 998 1672 ante
1032 1645 1081 1672 ex
1116 1633 1290 1672 senatus
1324 1631 1520 1672 consulto
1553 1631 1684 1671 comi-

121 1692 280 1733 tiorum
302 1691 597 1732 habendorum
618 1705 746 1732 causa
767 1691 967 1731 dixerunt
987 1689 1278 1731 L.Aemilium
1291 1689 1624 1744 Mamercinum,
1646 1689 1683 1730 is

122 1751 376 1805 magistrum
393 1750 585 1804 equitum
599 1749 646 1799 Q.
658 1749 889 1790 Publilium
906 1749 1129 1790 Philonem
1147 1749 1265 1790 dixit.
1286 1749 1494 1790 dictatore
1510 1748 1685 1790 comitia

121 1809 308 1851 habente
341 1809 536 1850 consules
564 1808 697 1850 creati
731 1813 830 1850 sunt
864 1808 910 1850 T.
938 1807 1155 1862 Veturius,
1188 1806 1257 1862 Sp.
1284 1807 1544 1849 Postumius.

121 1935 222 1970 einer
235 1937 366 1971 hatten
387 1937 438 1970 im
454 1936 607 1981 vorigen
621 1936 733 1971 Jahre
750 1936 867 1971 selbst

120 1983 235 2028 Krieg
260 1983 422 2028 gvfuhrt,
453 1983 586 2018 hatten
612 1988 679 2019 341
709 1984 768 2018 die
796 1984 864 2017 La-

121 2031 218 2064 tiner
261 2032 368 2075 (Kap.
408 2034 448 2072 2,
476 2034 511 2073 6)
565 2028 641 2065 un'd
685 2043 759 2065 nun
804 2030 865 2065 die

120 2079 293 2112 Ausonen
321 2080 555 2121 unterstu'tzt,
583 2079 716 2113 hatten
737 2089 774 2112 es
795 2082 863 2112 343

122 2125 212 2168 (vgl.
244 2125 279 2169 7,
301 2128 357 2166 29,
378 2126 414 2169 4)
441 2124 517 2158 und
544 2129 611 2159 341
639 2125 744 2169 (Kap.
773 2129 804 2167 2,
827 2127 863 2168 5)

121 2183 202 2205 zum
247 2171 383 2215 Kriege
434 2172 506 2205 mit
554 2172 627 2206 den
670 2172 863 2207 Samniten

120 2218 293 2253 kommen
320 2218 452 2253 lassen.

167 2270 199 2301 4.
227 2277 267 2300 ea
293 2265 511 2309 tempestate]
539 2265 622 2310 Vgl.
650 2265 741 2310 Kap.
765 2270 860 2309 8‚14.

169 2313 226 2347 M.
261 2312 459 2357 Valerium]
488 2313 570 2357 Vgl.
598 2312 692 2356 Κεφ.
719 2317 751 2356 3,
773 2318 804 2348 5.

169 2364 199 2394 5.
229 2359 335 2404 sorte]
364 2359 461 2394 nach
492 2371 536 2393 oze
567 2360 616 2393 im
647 2360 756 2394 Sinne
789 2370 862 2394 von

120 2407 284 2450 fortasse,
311 2406 380 2440 wie
407 2406 502 2441 nach
527 2407 561 2441 si
585 2407 660 2440 und
686 2408 770 2441 nisi.

162 2454 334 2499 petitum]
361 2471 405 2481 =
431 2458 577 2488 senatus
597 2454 737 2497 petivit.
789 2453 862 2488 Der

122 2501 235 2536 Senat
271 2500 486 2535 bestimmte
525 2502 615 2535 zwei
648 2500 862 2534 Geschiifts-

120 2547 240 2582 kreise
268 2547 326 2582 fiir
363 2547 422 2582 die
450 2548 617 2582 Konsuln
649 2548 724 2581 und
761 2547 861 2581 diese

120 2595 241 2629 losten
280 2597 411 2629 darum
456 2596 544 2629 oder
583 2594 862 2639 verstandigten

121 2643 198 2676 sich
215 2641 385 2676 darfiber.
429 2642 553 2686 Zogen
572 2641 680 2676 beide
694 2641 863 2676 Konsuln

120 2700 164 2722 zu
189 2688 315 2731 Felde,
349 2699 388 2722 so
414 2689 520 2723 hatte
547 2689 735 2723 entweder
756 2688 864 2733 jeder

120 2735 180 2770 ein
207 2735 304 2770 Heer
343 2735 431 2770 oder
472 2736 523 2770 sie
557 2736 780 2770 wechselten
812 2736 862 2769 im

121 2781 361 2825 Oberbefeh13
382 2782 510 2818 beides
526 2783 652 2817 schien
666 2782 746 2817 hier
759 2781 864 2817 nicht

118 2829 289 2873 passend.

168 2880 198 2910 6.
227 2877 288 2921 ab]
317 2876 459 2920 kaus-al,
486 2876 555 2911 wie
582 2875 674 2921 Kap.
702 2880 805 2920 7‚21.

988 1939 1037 1970 est
1063 1935 1268 1981 adyressus]
1302 1934 1363 1970 bei
1390 1934 1516 1970 Cicero
1551 1933 1681 1978 seiten,

939 1982 1000 2016 bei
1031 1982 1156 2016 Livius
1192 1982 1369 2016 zuweilen
1402 1982 1472 2016 mit
1507 1981 1591 2015 dem
1623 1980 1681 2015 In-

939 2029 1058 2064 finitiv
1086 2030 1138 2074 (3,
1161 2032 1216 2073 35,
1237 2034 1274 2071 73
1305 2029 1340 2074 7,
1356 2033 1412 2073 21,
1428 2032 1465 2071 53
1490 2028 1556 2073 22,
1573 2032 1628 2071 54,
1644 2031 1682 2070 83

938 2077 1001 2123 36,
1025 2081 1055 2120 9,
1078 2080 1117 2119 93
1144 2076 1210 2122 40,
1231 2080 1287 2120 25,
1309 2078 1357 2119 5).

987 2134 1016 2164 7.
1044 2131 1118 2164 iam
1133 2129 1232 2175 inde]
1250 2146 1294 2157 =
1308 2130 1381 2163 iam
1395 2132 1482 2171 tum,
1503 2126 1682 2172 sogleich.

983 2182 1169 2228 evasuros]
1197 2199 1241 2210 =
1273 2193 1308 2217 se
1340 2192 1508 2217 evasuros
1539 2191 1610 2215 esse
1641 2181 1683 2215 in

936 2240 1070 2273 muros,
1099 2228 1167 2264 ‘sie
1195 2229 1413 2263 erklimmen
1436 2241 1479 2262 zu
1501 2227 1677 2262 kennen’.

977 2283 1244 2328 contenderent]
1251 2283 1260 2297 ‘
1267 2282 1533 2325 behaupteten’
1540 2309 1548 2325 ,
1557 2292 1679 2326 gegen

936 2329 996 2364 die
1023 2330 1273 2374 Abmahnung
1299 2330 1363 2363 des
1392 2328 1540 2364 Corvus.

982 2386 1013 2417 8.
1035 2383 1252 2428 praevertit]
1288 2382 1466 2426 ‘unnotig
1495 2380 1677 2416 machte’.

935 2430 1019 2474 Vgl.
1047 2430 1139 2474 Kap.
1171 2433 1224 2473 13,
1248 2434 1277 2464 1.

984 2486 1038 2517 11.
1066 2483 1321 2527 triumphavit]
1343 2493 1390 2516 an
1411 2481 1482 2516 den
1500 2480 1590 2514 Iden
1611 2480 1676 2514 des

934 2529 1034 2564 M‘arz
1069 2531 1180 2573 (nach
1213 2530 1283 2564 den
1310 2529 1470 2572 Fasten).
1522 2527 1569 2561 Es
1601 2538 1678 2562 war

937 2577 1015 2611 sein
1036 2575 1170 2610 dritter
1185 2576 1365 2621 Triumph
1381 2576 1432 2621 (7,
1444 2578 1498 2617 27,
1509 2577 1547 2617 83
1562 2576 1617 2616 38,
1628 2575 1676 2618 3).

986 2634 1040 2664 12.
1067 2629 1111 2664 L.
1133 2629 1345 2675 Aemilium]
1372 2628 1456 2673 Vgl.
1481 2626 1575 2671 Kap.
1598 2631 1676 2671 1,1.

991 2683 1162 2717 Veturius
1177 2710 1184 2717 .
1196 2710 1202 2716 .
1215 2711 1222 2717 .
1238 2679 1464 2725 Postumius]
1480 2680 1538 2714 Sie
1555 2691 1677 2715 waren

935 2730 986 2764 im
1010 2729 1043 2764 J.
1071 2734 1138 2764 321
1174 2728 1309 2763 wieder
1339 2738 1552 2762 zusammen
1577 2727 1674 2761 Kon-

937 2776 1021 2810 suln
1048 2776 1123 2810 und
1142 2776 1274 2810 liessen
1294 2774 1371 2810 sich
1390 2785 1462 2809 von
1483 2773 1555 2808 den
1575 2774 1676 2808 Sam-

936 2823 1040 2858 niten
1071 2823 1109 2857 in
1141 2823 1212 2857 den
1239 2821 1510 2857 Caudinischen
1536 2821 1676 2856 Passen

937 2869 1208 2905 einschliessen.
