1794 3084
63 134 96 154 a.
116 126 182 153 chr.
202 133 232 153 n.
252 125 313 151 402.
332 126 393 151 401.
625 114 765 150 LIBER
794 113 835 150 V.
880 112 983 148 CAP.
1012 116 1064 147 10.
1568 111 1619 151 19

68 225 205 267 multa
242 223 358 266 domi
396 223 658 278 militiaeque
699 224 834 278 gesta.
884 236 985 263 nam
1018 226 1060 262 et
1090 220 1250 262 bellum
1282 218 1504 273 multiplex
1538 217 1619 260 fuit
1645 228 1665 259 2

67 283 217 326 eodem
249 287 454 337 tempore,
487 282 539 324 ad
566 282 696 323 Veios
729 285 772 323 et
805 281 856 322 ad
884 279 1099 335 Capenam
1132 283 1175 321 et
1207 278 1258 320 ad
1283 276 1476 319 Falerios
1509 279 1551 318 et
1576 277 1619 318 in

69 342 252 396 Volscis,
285 345 332 383 ut
363 342 513 383 Anxur
546 341 600 383 ab
632 340 829 382 hostibus
862 343 1198 394 recuperaretur,
1230 342 1273 380 et
1297 337 1460 378 Romae
1494 336 1619 377 simul
1645 346 1665 377 3

66 401 224 444 dilectu
257 401 384 442 simul
416 401 579 442 tributo
613 399 870 441 conferendo
904 399 1148 440 laboratum
1182 402 1259 447 est,
1292 399 1334 438 et
1359 396 1409 437 de
1436 395 1620 436 tribunis

65 461 182 517 plebi
221 460 471 515 cooptandis
509 459 726 501 contentio
767 458 865 512 fuit,
903 462 945 499 et
984 458 1097 499 haud
1130 471 1310 512 parvum
1343 457 1506 497 motum
1539 454 1620 496 duo

68 519 226 562 iudicia
258 534 416 572 eorum,
448 519 519 573 qui
552 518 680 572 paulo
714 520 814 558 ante
847 517 1059 558 consulari
1093 518 1305 570 potestate
1339 514 1522 569 fuerant,
1555 528 1621 555 ex-

67 579 216 622 civere.

185 636 384 680 Omnium
425 636 610 689 primum
648 635 834 676 tribunis
873 635 1058 675 militum
1097 634 1180 675 fuit
1218 632 1419 675 dilectum
1458 632 1621 687 haberi,
1648 643 1668 673 4

68 711 146 739 nec
171 697 357 738 iuniores
384 695 511 737 modo
538 694 781 748 conscripti,
814 693 885 735 sed
913 693 1101 735 seniores
1129 693 1258 734 etiam
1286 693 1418 734 coacti
1446 692 1621 733 nomina

66 756 180 809 dare,
211 757 259 796 ut
290 754 408 796 urbis
442 753 681 796 custodiam
715 756 903 808 agerent.
961 754 1171 807 quantum
1204 754 1348 793 autem
1381 751 1621 807 augebatur
1647 762 1666 792 5

65 815 252 856 militum
289 828 510 865 numerus,
551 816 674 854 tanto
713 812 875 854 maiore
914 812 1093 866 pecunia
1131 812 1175 852 in
1215 811 1475 865 stipendium
1515 824 1622 864 opus

66 876 174 928 erat3
201 887 335 927 eaque
361 873 526 914 tributo
554 872 854 914 conferebatur
881 871 1027 912 invitis
1055 870 1386 923 conferentibus,
1413 871 1484 924 qui
1506 869 1621 911 domi

64 932 364 986 remanebant,
401 932 502 986 quia
538 931 758 973 tuentibus
799 931 946 972 urbem
985 944 1113 985 opera
1153 943 1320 984 quoque
1354 929 1530 970 militari
1562 928 1623 969 la-

64 991 302 1034 borandum
330 989 684 1045 serviendumque
712 991 773 1031 rei
800 990 996 1044 publicae
1024 992 1128 1031 erat.
1159 989 1277 1043 haec,
1303 1003 1378 1044 per
1398 1003 1441 1029 se
1463 988 1622 1043 gravia,
1648 998 1668 1030 6

65 1051 310 1106 indigniora
348 1053 396 1091 ut
434 1050 697 1102 viderentur,
735 1050 898 1090 tribuni
932 1049 1068 1103 plebis
1102 1048 1319 1090 seditiosis
1352 1046 1622 1089 contionibus

65 1110 304 1163 faciebant,
348 1109 444 1151 ideo
490 1123 589 1150 aera
633 1109 844 1150 militibus
889 1109 1127 1150 constituta
1165 1122 1256 1148 esse
1296 1107 1531 1162 arguendo,
1574 1109 1623 1147 ut

68 1169 207 1225 plebis
236 1171 404 1223 partem
437 1169 611 1222 militia,
653 1171 820 1222 partem
852 1168 1015 1209 tributo
1049 1167 1316 1208 conficerent.
1371 1181 1499 1207 unum
1533 1165 1620 1207 bel·
1648 1176 1667 1207 7

67 1229 155 1270 lum
187 1243 348 1270 annum
380 1229 465 1269 iam
497 1228 674 1269 tertium
707 1226 821 1268 trahi
855 1229 898 1268 et
929 1227 1124 1268 consulto
1157 1225 1269 1267 male
1302 1225 1410 1280 geri,
1452 1228 1500 1266 ut
1532 1224 1621 1265 diu—

67 1288 152 1330 tius
198 1290 363 1342 gerant.
424 1288 468 1328 in
507 1289 711 1341 quattuor
750 1285 902 1327 deinde
939 1286 1053 1327 bella
1091 1299 1175 1326 uno
1216 1285 1372 1326 dilectu
1411 1283 1623 1325 exercitus

71 1347 272 1401 scriptos,
304 1349 347 1388 et
378 1359 532 1401 pueros
565 1359 732 1401 quoque
761 1359 810 1386 ac
836 1359 956 1386 senes
985 1350 1209 1386 extractos.
1260 1344 1346 1386 iam
1372 1357 1461 1385 non
1486 1345 1623 1384 aesta—
1650 1354 1670 1386 8

881 1533 1073 1576 cernebat).
1101 1531 1193 1576 Kap.
1215 1535 1271 1576 23,
1286 1535 1322 1575 43
1346 1534 1401 1575 36,
1416 1535 1448 1566 4.
1470 1535 1503 1575 6,
1520 1534 1575 1575 38,
1591 1534 1623 1566 5.

882 1584 938 1621 22,
961 1583 1015 1623 18,
1037 1583 1067 1615 2.
1095 1584 1151 1623 27,
1173 1583 1229 1623 47,
1251 1582 1305 1614 11.
1332 1583 1389 1623 32,
1410 1582 1441 1621 5,
1463 1583 1495 1614 2.

113 1538 144 1570 3.
171 1534 280 1570 simul
302 1561 309 1569 .
331 1563 338 1568 .
362 1562 368 1568 .
388 1533 513 1579 simul]
541 1532 650 1568 Diese
677 1532 808 1567 Korre-

68 1581 241 1628 sponsion
274 1581 371 1624 (hier
404 1579 716 1624 Unterabteilung
747 1579 808 1614 bei

64 1633 97 1665 et
118 1657 124 1663 .
146 1657 153 1664 .
176 1655 183 1663 .
204 1632 249 1673 et)
275 1629 391 1663 findet
417 1628 495 1663 sich
521 1630 642 1663 zuei-st
662 1626 722 1662 bei
742 1627 808 1662 Ca-

66 1687 126 1711 sar
151 1675 288 1711 einmal
315 1677 362 1718 (b.
379 1675 422 1711 G.
438 1680 470 1719 4,
489 1679 542 1718 13,
557 1678 604 1716 5),
631 1675 729 1710 dann
750 1686 809 1709 zu-

67 1724 199 1759 weilen
231 1723 290 1758 bei
326 1722 454 1768 Vergil
484 1723 560 1758 und
584 1722 710 1757 Livius
736 1723 809 1766 (21,

67 1775 124 1815 33,
145 1775 182 1814 53
221 1774 277 1813 24,
299 1774 354 1814 12,
374 1775 414 1813 4;
441 1774 497 1813 27,
521 1773 575 1814 15,
600 1774 641 1804 14
666 1781 700 1804 u.
729 1769 808 1813 oft),

66 1817 126 1853 nie
154 1818 214 1853 bei
240 1816 377 1852 Cicero.

113 1865 337 1900 larboratum
404 1865 470 1910 est]
546 1874 632 1898 man
704 1864 808 1898 hatte

69 1912 410 1957 Schwierigkeiten,
430 1911 517 1947 kam
530 1912 587 1946 ins
601 1910 808 1956 Gedr'ange.

114 1971 342 2017 cooptandis]
365 1971 492 2006 Dieses
514 1970 621 2006 Wort
644 1969 810 2005 bezeich-

67 2021 133 2055 net
151 2018 210 2054 die
230 2018 452 2063 Erg'anzung
471 2017 572 2053 eines
592 2017 698 2052 nicht
719 2017 810 2052 voll-

67 2065 240 2111 zfihligen
282 2065 531 2111 Kollegiums,
581 2066 702 2099 zumal
747 2065 810 2099 des

68 2112 466 2159 Augurnkollegiums‚
499 2112 614 2147 durch
647 2112 706 2147 die
739 2123 810 2146 von

67 2162 137 2198 den
168 2161 431 2196 vorhandenen
457 2159 694 2205 Mitgliedern
727 2170 809 2194 vor-

66 2219 309 2254 genommene
341 2208 566 2253 Ernennung
598 2208 662 2242 der
687 2206 810 2242 Amts-

66 2267 258 2302 genossen.

114 2308 147 2339 4.
174 2303 354 2350 primum]
393 2302 474 2338 hier
508 2302 701 2347 Adjektiv,
740 2301 810 2336 wie

68 2350 155 2387 Sall.
177 2352 255 2397 lug.
277 2355 333 2396 76,
354 2355 374 2386 6
401 2361 534 2386 aurum
557 2354 662 2395 atque
682 2360 809 2394 arqen-

68 2403 144 2434 twm
169 2402 202 2434 et
226 2398 321 2442 alia,
346 2409 438 2443 quae
461 2399 584 2442 prima
609 2398 810 2439 ducuntur,

67 2447 210 2482 domum
234 2448 372 2492 reyiam
397 2449 632 2490 comportant.

114 2494 290 2540 iuniores]
353 2493 403 2528 im
469 2491 810 2537 dienstpflichtigen

68 2541 185 2585 Alter,
210 2552 296 2576 vom
319 2544 374 2576 18.
394 2540 450 2575 bis
470 2552 552 2574 zum
572 2544 629 2574 44.
650 2540 808 2574 Lebens-

65 2588 168 2634 jahn
188 2589 355 2631 seniores,
374 2599 446 2623 von
468 2591 512 2622 45
533 2588 588 2622 bis
604 2591 647 2622 60
661 2587 810 2622 Jahren.

116 2636 282 2682 nomina]
302 2646 431 2672 nomen
451 2636 510 2679 do,
536 2636 611 2678 edo,
625 2635 811 2680 profiteor,

72 2683 151 2719 ‘ich
179 2683 299 2718 melde
326 2683 425 2718 mich
450 2682 532 2718 an'.

118 2734 150 2766 5.
188 2730 381 2777 quantum]
416 2729 647 2765 adverbialer
679 2728 810 2764 Aecus.

70 2777 134 2814 des
160 2777 294 2813 Marses
325 2778 387 2813 bei
412 2778 548 2822 auyeri.
599 2777 646 2812 Es
673 2777 812 2811 kfinnte

71 2826 165 2861 auch
209 2825 274 2860 der
309 2825 393 2861 Abl.
438 2826 569 2860 stehen
612 2827 681 2868 (22,
707 2827 765 2867 40,
792 2827 810 2858 7

70 2876 174 2918 parte
192 2873 349 2909 dimidia
369 2876 496 2908 auctas
515 2873 669 2907 hostium
690 2871 814 2916 copias

928 1629 1054 1663 invitis
1080 1626 1361 1673 conferentibus]
1389 1625 1450 1661 ein
1475 1625 1624 1660 unklas-

883 1675 1022 1710 sischer
1037 1675 1118 1710 Abl.
1139 1675 1216 1709 abs.
1238 1675 1331 1709 statt
1349 1685 1429 1709 cnm
1449 1674 1482 1708 ei
1496 1673 1624 1718 (naml.

883 1723 942 1757 die
968 1723 1123 1758 seniores
1150 1725 1169 1764 5
1188 1723 1224 1766 4)
1250 1722 1360 1756 inviti
1385 1721 1598 1764 conferrent.

932 1785 962 1816 6.
983 1780 1210 1827 conficerent]
1226 1779 1400 1825 Subjekt:
1421 1791 1518 1823 man,
1539 1779 1572 1814 d.
1588 1779 1622 1815 h.

883 1829 947 1863 der
967 1828 1080 1864 Senat
1104 1840 1138 1863 u.
1167 1829 1225 1863 die
1247 1826 1623 1870 Konsulartribunen3

883 1877 1019 1912 ebenso
1046 1875 1105 1911 bei
1129 1878 1257 1920 yerant
1283 1878 1302 1917 5
1324 1879 1355 1910 7.

933 1927 963 1958 7.
1002 1925 1076 1958 iam
1114 1922 1274 1968 tertium]
1321 1922 1392 1957 seit
1435 1923 1500 1958 der
1539 1922 1619 1956 Ein-

885 1970 1113 2015 schliessung
1141 1970 1206 2004 der
1232 1969 1342 2005 Stadt
1367 1970 1441 2005 und
1467 1970 1531 2004 der
1552 1971 1625 2004 An-

885 2019 1023 2063 legung
1035 2028 1107 2052 von
1120 2017 1498 2061 Winterquartieren3
1511 2017 1624 2052 sehon

885 2066 973 2100 zwei
1009 2066 1123 2101 Jahre
1164 2065 1297 2100 vorher
1335 2075 1411 2099 war
1448 2064 1517 2099 mit
1555 2064 1626 2099 den

883 2113 1086 2158 Vejentern
1109 2111 1305 2158 gek'ampft
1331 2112 1490 2148 worden.

931 2161 1044 2207 trahi]
1081 2171 1121 2196 so
1155 2159 1210 2196 oft
1241 2159 1300 2195 bei
1332 2159 1474 2203 Livius,
1508 2159 1625 2194 selten

884 2209 1012 2244 bellam
1044 2208 1171 2243 ducere
1197 2209 1268 2252 (22,
1295 2211 1349 2251 25,
1378 2209 1432 2251 4),
1464 2206 1534 2241 wie
1565 2206 1624 2242 bei

884 2256 996 2291 Casar
1022 2254 1278 2300 regelmassig:
1305 2254 1398 2300 Kap.
1422 2258 1476 2299 11,
1497 2257 1528 2290 8.

928 2303 1075 2350 pueros]
1111 2302 1306 2338 ‘Knaben’
1348 2302 1404 2338 bis
1442 2313 1522 2336 zum
1556 2300 1625 2336 Be-

883 2350 994 2396 ginne
1027 2350 1092 2385 des
1121 2355 1173 2385 17.
1201 2349 1348 2393 Jahres,
1382 2350 1419 2384 in
1448 2349 1626 2384 welchem

883 2398 942 2433 die
969 2399 1213 2443 Mannertoga
1246 2408 1459 2442 angezogen
1491 2409 1525 2432 u.
1562 2397 1626 2431 der

882 2445 1199 2481 Rekrutendienst
1209 2444 1525 2490 geleistetwurde.
1541 2443 1625 2478 Wie

882 2504 980 2529 senes
1005 2494 1064 2527 fiir
1082 2494 1250 2536 seniores,
1277 2493 1377 2527 steht
1393 2502 1527 2537 pueros
1546 2491 1625 2526 hier

883 2541 982 2576 wohl
1022 2539 1283 2575 fibertreibend
1308 2539 1367 2573 fiir
1393 2538 1452 2574 die
1479 2539 1624 2582 tirones,

884 2587 1023 2623 welche
1044 2588 1143 2622 wohl
1164 2585 1363 2622 fri'iher'als
1385 2587 1488 2621 sonet
1507 2585 1545 2620 in
1565 2586 1625 2620 die

883 2635 1069 2681 Legionen
1096 2633 1291 2678 eingeteilt
1316 2633 1476 2668 wurden.
1504 2631 1624 2678 (Doch

885 2683 1031 2717 werden
1051 2685 1107 2725 22,
1129 2685 1185 2723 57,
1206 2685 1225 2716 9
1252 2681 1326 2715 und
1352 2683 1407 2723 25,
1429 2685 1461 2724 5,
1483 2683 1503 2715 8
1529 2679 1623 2715 auch

884 2730 1038 2764 Knaben
1083 2731 1190 2763 unter
1236 2732 1277 2762 17
1315 2727 1452 2763 Jahren
1497 2738 1624 2773 ausge-

884 2777 1034 2820 hohen)

932 2823 1126 2869 extractos]
1144 2823 1154 2839 ‘
1166 2822 1461 2868 hervorgezogen
1471 2822 1495 2866 ²,
1511 2839 1554 2852 =
1569 2831 1624 2858 co-

886 2875 983 2907 actos
1008 2872 1158 2907 nomina
1183 2871 1272 2906 dare
1298 2873 1316 2912 5
1337 2873 1369 2905 4.

1297 2928 1345 2953 ot
