1794 3084
89 119 116 139 a.
137 112 202 139 chr.
223 120 252 138 ιι.
274 113 333 139 39].
608 102 751 138 LIBER
775 101 819 137 V.
865 102 969 139 CAP.
996 106 1052 138 35.
1078 106 1133 138 36.
1600 102 1654 144 67

89 211 316 253 hominum
349 211 594 253 invisitatas
628 214 854 253 cernerent
885 214 928 252 et
959 224 1094 265 genus
1127 225 1346 253 armorum
1374 211 1654 266 audirentque

91 284 217 325 saepe
254 271 308 312 ab
346 270 399 311 iis
438 271 497 312 cis
535 270 697 312 Padum
736 271 933 326 ultraque
972 270 1165 325 legiones
1203 268 1486 312 Etruscorum
1524 270 1658 325 fusas,

91 343 352 384 quamquam
385 329 590 371 adversus
622 329 839 371 Romanos
870 329 1037 370 nullum
1070 329 1130 370 eis
1162 329 1228 370 ius
1260 329 1480 370 societatis
1513 329 1657 371 amici-

88 388 228 429 tiaeve
261 390 370 442 erat,
413 389 496 430 nisi
528 389 641 444 quod
675 388 877 430 Veientes
911 388 1253 443 consanguineos
1287 387 1489 430 adversus
1521 402 1656 442 popu-

90 447 181 488 lum
207 446 453 489 Romanum
479 462 564 489 non
591 447 893 501 defendissent,
925 447 1094 502 legatos
1121 447 1315 501 Romam,
1346 447 1419 502 qui
1449 447 1656 488 auxilium

90 505 144 548 ab
170 508 324 548 senatu
350 509 558 560 peterent,
584 506 750 548 misere,
800 506 852 547 de
878 505 1036 547 auxilio
1062 506 1174 546 nihil
1201 507 1496 560 impetratum3
1523 506 1657 561 legati
1684 516 1706 548 5

89 568 169 607 tres
193 564 250 606 M.
277 564 385 606 Fabi
410 565 615 606 Ambusti
640 565 719 606 filii
747 565 883 615 missi,
915 565 988 619 qui
1015 567 1190 606 senatus
1223 565 1450 619 populique
1475 564 1660 607 Romani

87 625 262 666 nomine
307 627 486 677 agerent
531 638 626 665 cum
666 622 823 678 Gallis,
866 638 937 677 ne,
982 638 1006 664 a
1046 624 1200 678 quibus
1245 625 1410 665 nullam
1454 624 1658 666 iniuriam

89 683 370 738 accepissent,
414 683 554 725 socios
586 683 735 737 populi
769 682 951 724 Romani
986 685 1113 736 atque
1146 683 1307 724 amicos
1341 686 1657 738 oppugnarent:

87 741 297 784 Romanis
336 756 408 783 eos
446 742 562 784 bello
602 755 788 796 quoque,
833 742 867 782 si
906 756 975 783 res
1014 745 1161 796 cogat,
1206 742 1387 784 tuendos
1427 757 1540 796 esse3
1584 743 1656 784 sed
1683 754 1703 785 6

88 801 241 842 melius
287 802 427 842 visum
470 801 632 842 bellum
676 801 818 855 ipsum
862 800 1071 851 amoveri,
1117 801 1153 841 si
1195 804 1363 855 posset,
1408 805 1451 842 et
1494 800 1657 856 Gallos,

86 874 243 902 novam
275 863 466 915 gentem,
499 875 603 915 pace
635 859 780 914 potius
813 859 1016 914 cognosci
1049 874 1178 914 quam
1212 860 1353 902 armis.

206 918 326 960 Mitis
352 919 526 974 legatio,
552 919 596 960 ni
621 919 890 973 praeferoces
916 920 1086 973 legatos
1113 917 1336 974 Gallisque
1362 920 1500 974 magis
1525 935 1654 974 quam
1669 920 1726 962 36

86 976 296 1020 Romanis
329 978 491 1020 similes
523 978 758 1020 habuisset.
821 978 986 1032 quibus,
1018 981 1248 1033 postquam
1281 978 1486 1020 mandata
1517 979 1654 1020 edide-

87 1040 189 1078 runt
214 1037 259 1078 in
285 1038 465 1079 concilio
487 1036 723 1091 Gallorum,
749 1037 876 1078 datur
901 1051 1175 1091 responsum:
1203 1037 1284 1078 etsi
1309 1051 1468 1079 novum
1494 1052 1652 1080 nomen
1680 1049 1701 1080 2

88 1096 267 1138 audiant
294 1095 603 1151 Romanorum,
635 1100 783 1138 tamen
815 1096 984 1137 credere
1017 1096 1132 1138 viros
1164 1096 1299 1138 fortes
1334 1111 1439 1151 esse,
1471 1111 1651 1151 quorum

88 1155 295 1196 auxilium
331 1170 356 1197 a
382 1154 571 1197 Clusinis
603 1156 648 1197 in
679 1170 724 1197 re
756 1155 925 1210 trepida
952 1155 1008 1196 sit
1033 1155 1328 1209 imploratum.
1379 1158 1422 1197 et
1449 1156 1652 1209 quoniam
1678 1168 1698 1198 3

87 1214 307 1269 legatione
348 1214 551 1256 adversus
589 1229 632 1256 se
665 1215 898 1256 maluerint
930 1229 1061 1268 quam
1094 1214 1224 1255 armis
1258 1214 1370 1269 tueri
1403 1214 1560 1269 socios,
1598 1229 1652 1256 ne

88 1287 132 1315 se
176 1273 348 1328 quidem
395 1288 566 1328 pacem,
611 1289 741 1329 quam
779 1273 843 1314 illi
882 1273 1098 1325 adferant,
1145 1273 1387 1327 aspernari,
1433 1273 1470 1314 si
1512 1272 1651 1315 Gallis

87 1333 312 1387 egentibus
352 1346 476 1387 agro,
517 1347 643 1388 quem
681 1333 811 1374 latius
851 1332 1101 1387 possideant
1134 1347 1262 1386 quam
1295 1333 1442 1374 colant
1474 1330 1652 1388 Clusini,

84 1393 253 1445 partem
293 1392 444 1433 finium
484 1392 737 1446 concedant,
781 1391 907 1434 aliter
944 1405 1094 1445 pacem
1137 1392 1361 1445 impetrari
1392 1406 1480 1433 non
1512 1406 1653 1447 posse.

86 1452 129 1492 et
170 1465 424 1504 responsum
472 1466 615 1493 coram
655 1450 864 1492 Romanis
911 1451 1104 1505 accipere
1144 1450 1252 1491 velle
1291 1453 1351 1504 et,
1397 1451 1432 1492 si
1470 1454 1651 1506 negetur
1676 1462 1698 1494 4

86 1523 202 1566 ager,
234 1524 381 1552 coram
413 1510 565 1552 iisdem
591 1510 799 1552 Romanis
832 1509 1125 1564 dimicaturos,
1157 1513 1206 1550 ut
1236 1510 1440 1551 nuntiare
1473 1510 1649 1552 domum

84 1572 285 1624 possent,
324 1572 531 1624 quantum
564 1568 683 1611 Galli
721 1569 880 1611 virtute
919 1572 1083 1610 ceteros
1123 1569 1329 1610 mortales
1367 1572 1650 1623 praestarent.

131 1673 355 1719 invisitatas]
369 1673 628 1719 ‘ungesehen’.
642 1674 715 1708 Das
724 1674 833 1708 Wort

84 1720 200 1756 findet
221 1720 300 1755 sich
315 1721 420 1755 nicht
436 1733 502 1756 vor
519 1721 657 1761 Livius,
677 1721 739 1755 bei
752 1720 832 1755 ihm

85 1767 174 1803 aber
200 1768 271 1802 oft:
299 1767 391 1812 Kap.
416 1772 469 1811 17,
497 1772 535 1810 83
564 1772 620 1811 37,
646 1771 685 1810 23
712 1771 772 1808 45,
797 1772 831 1804 4.

131 1815 253 1860 fusas]
271 1814 581 1850 wahrscheinlich
590 1815 743 1860 langere
752 1815 833 1850 Zeit

84 1862 236 1905 vorher3
281 1862 378 1896 denn
415 1875 461 1897 zu
489 1861 610 1897 dieser
641 1861 721 1897 Zeit
758 1862 832 1907 gab

85 1920 124 1944 es
157 1909 376 1944 schwerlich
410 1910 563 1955 legiones
588 1910 832 1945 Etruseorum

84 1955 254 1992 nordlich
280 1968 352 1991 von
379 1956 450 1992 den
475 1957 707 2002 Apenninen.

132 2003 304 2050 Romam]
325 2003 523 2039 Nachdem
544 2004 603 2038 die
624 2004 760 2039 Romer
779 2004 831 2038 im

88 2051 238 2096 vorigen
269 2051 381 2086 Jahre
421 2051 528 2096 (Kap.
557 2055 618 2094 32,
646 2054 681 2096 5)
723 2051 831 2086 einen

85 2097 428 2133 Waffenstillstand
464 2101 535 2134 mit
572 2098 731 2133 Volsinii
767 2109 829 2144 ge-

83 2145 271 2181 schlossen
302 2146 452 2190 hatten,
488 2156 564 2181 war
597 2146 678 2181 ihre
704 2146 832 2181 Macht

83 2193 135 2228 im
169 2203 313 2238 ganzen
345 2193 539 2228 sfidlichen
564 2193 736 2228 Etrurien
769 2203 831 2227 an-

84 2241 244 2276 erkannt
268 2241 344 2275 und
364 2241 504 2275 konnte
523 2252 594 2275 nur
618 2251 692 2276 von
718 2240 831 2275 ihnen

84 2286 168 2323 eine
182 2287 347 2333 kraftige
362 2287 474 2323 Hfilfe
488 2299 608 2334 gegen
624 2287 683 2323 die
700 2287 831 2323 Celten

84 2336 259 2370 erwartet
278 2335 438 2370 werden.

131 2386 163 2417 5.
201 2387 273 2418 tres
305 2382 363 2418 M.
396 2383 498 2418 Fabi
535 2382 706 2418 Ambusti
742 2383 828 2426 filii]

83 2428 133 2463 M.
165 2428 301 2465 Fabius
333 2429 536 2465 Ambustus
569 2440 645 2464 war
680 2430 745 2464 der
778 2428 829 2464 al-

82 2478 180 2512 teste
212 2477 278 2511 der
309 2477 388 2512 drei
422 2476 545 2512 Solane
578 2476 643 2511 des
678 2475 829 2511 Dezem-

83 2523 157 2559 virs
184 2523 225 2566 Q.
251 2523 387 2559 Fabius
413 2523 633 2559 Vibulanus.
684 2523 733 2558 Er
767 2524 829 2558 be-

82 2569 247 2607 kleidete
273 2574 342 2606 442
369 2583 402 2606 v.
432 2571 514 2606 Chr.
543 2572 609 2606 das
634 2570 829 2614 Konsulat,

83 2621 152 2654 433
191 2619 257 2653 das
291 2618 656 2654 Konsularttibunat.
719 2618 828 2652 Seine

84 2665 163 2700 drei
189 2665 312 2701 Sohne
344 2665 487 2701 hiessen
520 2666 678 2708 Quintus
714 2664 827 2709 (Kon-

84 2711 141 2747 sul
160 2717 228 2748 412
244 2724 276 2746 v.
290 2711 401 2759 Cim),
422 2713 619 2748 Numerius
634 2714 716 2756 (406
733 2713 827 2747 Kon-

83 2759 323 2804 sulartribun)
355 2760 432 2795 und
465 2760 581 2796 Caeso
615 2761 702 2805 (vgl.
731 2759 825 2804 Kap.

86 2810 142 2850 10,
164 2810 207 2852 1).
247 2806 300 2841 Im
328 2807 509 2843 n'achsten
527 2807 619 2842 Jahr
645 2807 727 2842 sind
754 2807 827 2842 alle

85 2853 164 2888 drei
189 2854 561 2890 Konsulartribunen.

955 1678 987 1709 6.
1027 1677 1132 1718 eoyat
1238 1673 1373 1719 posset]
1414 1673 1523 1709 Diese
1549 1673 1653 1708 Tem-

905 1731 998 1766 pora
1030 1720 1113 1754 sind
1145 1732 1212 1755 aus
1247 1721 1312 1755 der
1347 1720 1519 1756 direkten
1551 1720 1653 1757 Rede

904 1768 1301 1812 heriibergenommen.

952 1814 1014 1850 36.
1045 1819 1074 1848 1.
1102 1815 1216 1860 mitis]
1247 1815 1311 1849 ‘an
1338 1815 1416 1848 sich
1442 1814 1650 1859 friedlich’3

905 1861 983 1897 scil.
1010 1866 1090 1897 erat
1115 1862 1204 1897 oder
1228 1863 1365 1905 fuisset.

952 1909 1009 1955 πί]
1044 1909 1127 1954 Vgl.
1156 1921 1200 1943 zu
1225 1909 1319 1953 Kap.
1346 1913 1404 1952 26,
1432 1913 1484 1944 10.

952 1961 984 1992 2.
1011 1956 1164 2003 novum]
1188 1956 1243 1991 als
1270 1957 1375 1991 einen
1402 1967 1533 2000 neuen,
1560 1957 1593 1992 d.
1616 1957 1650 1994 h.

905 2015 988 2038 zum
1017 2004 1228 2039 erstenmal.

952 2051 1107 2098 credere]
1129 2051 1199 2085 mit
1212 2051 1466 2096 Weglassung
1479 2051 1543 2086 des
1559 2051 1650 2087 Sub-

900 2098 1004 2144 J'ekts
1029 2109 1074 2133 se.
1113 2098 1199 2143 Vgl.
1226 2098 1318 2143 Kap.
1346 2102 1403 2142 22,
1431 2102 1468 2142 63
1496 2102 1553 2142 30,
1581 2103 1614 2134 3.

953 2149 984 2182 3.
1005 2146 1149 2192 pacem]
1171 2145 1485 2191 Zuriickweisung
1505 2146 1572 2181 auf
1589 2146 1649 2182 die

903 2193 1042 2228 letzten
1068 2193 1198 2228 Worte
1225 2193 1289 2227 des
1316 2192 1648 2239 vorhergehenden

903 2239 1085 2285 Kapitels.

951 2299 1052 2333 ayro,
1076 2287 1194 2334 quem]
1216 2288 1298 2322 eine
1318 2287 1537 2332 unlogische
1557 2287 1651 2322 Ver-

904 2334 1091 2381 bindung,
1124 2335 1172 2370 da
1203 2346 1292 2380 ayro
1323 2334 1403 2369 hier
1429 2335 1524 2369 doch
1550 2334 1650 2370 wohl

902 2381 942 2416 in
1001 2383 1067 2417 der
1122 2382 1372 2427 allgemeinen
1426 2380 1650 2427 Bedeutung

906 2429 1054 2464 ‘Land’
1101 2429 1305 2475 aufgefasst
1347 2428 1497 2464 werden
1540 2429 1647 2464 muss.

902 2475 990 2511 Man
1034 2478 1223 2512 erwartet:
1269 2487 1376 2522 agro,
1420 2488 1500 2512 cum
1538 2477 1650 2512 latius

896 2524 1111 2568 possideant
1136 2535 1266 2569 ayram
1292 2526 1361 2558 etc.

950 2575 982 2605 4.
1008 2572 1111 2617 velle]
1139 2570 1218 2606 scil.
1245 2582 1290 2606 se.
1330 2570 1414 2615 Vgl.
1441 2574 1460 2613 g·
1480 2575 1514 2605 2.

901 2629 1049 2700 213ssssss
1051 2618 1143 2699 ‘'ffli]
1161 2617 1434 2700 Θῇοέὲδήίἓῗῂ
1457 2617 1647 2709 ἓξᾙῖῗῗ

903 2715 959 2755 10,
974 2716 994 2746 5
1015 2712 1091 2746 und
1111 2716 1167 2756 23,
1183 2715 1222 2754 43
1243 2712 1404 2746 seltener
1423 2711 1523 2746 beim
1537 2710 1647 2747 Kom-

900 2759 1051 2804 parativ
1077 2758 1186 2804 (Kap.
1213 2762 1270 2802 21,
1294 2758 1360 2803 14).

947 2806 1191 2852 praestarent]
1237 2805 1278 2840 In
1323 2805 1389 2840 der
1425 2805 1648 2852 Bedeutung

905 2852 1173 2889 ‘fibertreffen'
1220 2853 1314 2888 wird
1345 2856 1536 2897 praestare
1574 2865 1648 2889 von

1313 2911 1364 2946 5*
