1794 3084
128 319 170 350 13

127 438 169 469 14

126 556 168 587 15

128 794 168 824 16

126 911 167 943 17

123 1149 165 1179 18

122 1385 165 1416 19

198 80 252 123 66
735 80 877 116 LIBER
902 81 981 117 VII.
1033 81 1134 118 CAP.
1161 86 1217 117 30.
1543 101 1570 120 a.
1591 102 1618 121 u.

1638 103 1664 122 ο.
1685 97 1749 122 411.

197 190 438 232 videremus
464 190 693 231 finitimum
720 188 923 243 populum
949 188 1114 231 nefario
1135 190 1361 233 latrocinio
1383 190 1639 234 Samnitium
1665 195 1754 248 peti

199 254 253 303 et,
285 251 357 291 ubi
390 250 729 304 conflagrassent
762 247 949 302 Sidicini,
982 248 1035 289 ad
1067 263 1144 290 nos
1177 249 1454 291 traiecturum
1479 251 1584 293 illud
1611 252 1754 294 incen-

199 309 314 350 dium
351 324 454 350 esse.
516 322 593 349 nec
632 308 744 348 enim
782 321 915 361 nunc,
964 307 1064 362 quia
1108 308 1257 349 dolent
1294 309 1492 350 iniuriam
1531 313 1751 366 acceptam

197 367 426 420 Samnites,
465 367 537 408 sed
570 367 667 421 quia
700 366 887 421 gaudent
919 366 1108 408 oblatam
1141 367 1223 408 sibi
1256 381 1348 409 esse
1387 382 1577 424 causam,
1619 384 1752 424 oppu-

197 431 376 482 gnatum
408 441 487 468 nos
520 426 707 467 veniunt.
771 439 842 478 an,
880 425 916 465 si
959 425 1065 467 ultio
1109 425 1196 467 irae
1235 426 1340 468 haec
1380 430 1422 468 et
1459 442 1545 469 non
1584 430 1752 471 occasio

196 486 439 540 cupiditatis
472 484 702 539 explendae
737 486 861 538 esset,
892 498 1045 538 parum
1070 483 1163 538 fuit,
1196 486 1306 539 quod
1334 486 1465 527 semel
1490 486 1533 528 in
1562 486 1750 530 Sidicino

196 560 312 601 agro,
343 545 498 586 iterum
525 545 568 585 in
596 541 832 598 Campania
858 543 952 596 ipsa
977 543 1170 598 legiones
1196 549 1367 586 nostras
1395 545 1610 587 cecidere?
1643 561 1750 601 quae

194 607 259 646 est
289 605 375 646 ista
404 606 496 645 tam
527 602 686 644 infesta
717 603 797 656 ira,
835 616 963 656 quam
1000 617 1076 656 per
1114 602 1219 644 duas
1259 604 1369 645 acies
1408 604 1529 646 fusus
1573 607 1751 660 sanguis

197 664 366 718 explere
398 678 485 705 non
516 661 736 717 potuerit?
776 661 881 702 adde
912 660 996 702 huc
1028 662 1352 715 populationem
1385 677 1598 719 agrorum,
1630 679 1750 719 prae-

197 723 271 764 das
292 722 515 764 hominum
536 725 663 776 atque
690 720 899 775 pecudum
926 722 1055 774 aetas,
1082 721 1277 762 incendia
1296 721 1495 763 villarum
1517 737 1565 764 ac
1590 724 1748 776 ruinas,

196 782 339 824 omnia
370 782 482 823 ferro
521 781 693 836 ignique
733 782 921 832 vastata,
968 778 1131 820 hiscine
1168 779 1230 821 ira
1269 781 1425 835 expleri
1458 795 1544 823 non
1575 782 1748 836 potuit?

195 840 269 883 sed
295 841 504 895 cupiditas
526 839 734 893 explenda
767 841 843 879 est.
895 852 945 878 ea
972 838 1024 878 ad
1052 839 1384 894 oppugnandam
1405 839 1595 894 Capuam
1615 841 1748 896 rapit3

193 906 267 942 aut
299 900 435 941 delere
467 899 616 940 urbem
647 897 981 953 pulcherrimam
1013 901 1087 938 aut
1111 898 1194 952 ipsi
1220 898 1441 952 possidere
1469 900 1628 941 volunt.
1673 901 1746 942 sed

193 974 270 1001 vos
302 959 457 1014 potius,
488 957 686 1011 Romani,
718 956 922 998 beneficio
951 961 1091 998 vestro
1118 960 1322 1012 occupate
1362 972 1467 1012 eam,
1500 973 1625 1012 quam
1652 959 1751 1001 illos

193 1019 350 1061 habere
382 1033 457 1072 per
496 1016 749 1058 maleficium
789 1015 951 1057 sinatis.
1012 1029 1099 1057 non
1136 1016 1289 1070 loquor
1326 1016 1438 1071 apud
1475 1020 1744 1059 recusantem

193 1080 306 1120 iusta
338 1078 452 1119 bella
484 1077 709 1131 populum3
742 1075 814 1116 sed
846 1078 1003 1128 tamen,
1036 1074 1072 1115 si
1103 1074 1375 1117 ostenderitis
1409 1076 1567 1117 auxilia
1592 1079 1752 1132 vestra,

193 1153 244 1179 ne
276 1138 390 1179 bello
425 1136 593 1191 quidem
626 1135 813 1176 arbitror
837 1133 960 1175 vobis
994 1147 1100 1187 opus
1134 1133 1235 1176 fore.
1296 1148 1430 1189 usque
1458 1135 1510 1176 ad
1542 1150 1620 1177 nos
1647 1151 1746 1178 con-

193 1199 381 1250 temptus
402 1194 658 1237 Samnitium
684 1193 889 1247 pervenit,
924 1207 1053 1247 supra
1078 1207 1165 1233 non
1191 1193 1398 1248 ascendit,
1430 1194 1575 1249 itaque
1595 1195 1749 1237 umbra

193 1257 327 1298 vestri
365 1255 531 1306 auxilii,
572 1252 773 1304 Romani,
814 1252 905 1307 tegi
942 1266 1192 1305 possumus,
1237 1251 1441 1307 quidquid
1484 1254 1633 1295 deinde
1672 1253 1747 1295 ha-

193 1316 422 1368 buerimus,
449 1312 652 1368 quidquid
676 1311 759 1366 ipsi
785 1310 999 1365 fuerimus,
1024 1314 1215 1352 vestrum
1240 1311 1283 1352 id
1304 1326 1428 1353 omne
1449 1312 1747 1355 existimaturi.

193 1374 315 1416 vobis
349 1374 541 1415 arabitur
579 1385 681 1426 ager
713 1369 974 1424 Campanus,
1018 1369 1139 1411 vobis
1174 1368 1321 1424 Capua
1361 1370 1462 1413 urbs
1502 1371 1748 1427 frequenta-

193 1491 283 1526 dern
315 1501 377 1525 um
409 1488 488 1523 sich
521 1487 638 1523 selbst
669 1499 710 1521 zu
745 1485 931 1528 scfflstzen,

194 1539 273 1572 sind
302 1538 360 1572 die
399 1535 604 1581 Campaner
636 1535 707 1569 den
740 1532 931 1568 Samniten

193 1587 569 1630 entgegengetreten,
613 1582 659 1616 da
698 1581 797 1615 diese
835 1579 932 1614 nach

191 1633 442 1677 Bezwingung
492 1631 557 1665 der
606 1627 786 1663 Sidiciner
836 1627 931 1662 doch

193 1680 318 1726 Capua
343 1678 572 1724 angegriffen
597 1677 741 1711 hatten.

239 1727 291 1774 re]
320 1726 405 1762 Abl.
426 1725 548 1768 limit„
565 1722 796 1768 ‘eigentlich,
816 1721 854 1755 in
866 1721 931 1756 der

193 1774 325 1819 That’,
362 1775 457 1808 auch
483 1785 520 1808 re
545 1783 639 1807 vcra.
690 1769 763 1804 Der
789 1769 931 1813 Gegen-

193 1825 271 1858 satz
296 1823 520 1858 verbo...re
545 1819 660 1853 findet
686 1817 764 1852 sich
792 1816 847 1850 oft
871 1815 932 1850 bei

195 1871 320 1906 Cicero
346 1869 420 1903 und
447 1867 587 1909 Livius,
613 1877 719 1900 wenn
746 1864 830 1898 dem
854 1862 931 1896 An-

193 1918 319 1953 schein
345 1917 404 1950 die
429 1913 697 1949 Wirklichkeit
729 1913 931 1955 entgegen-

192 1965 345 2010 gestellt
371 1964 475 1998 wird.

240 2011 476 2055 Samnitium]
517 2009 609 2043 statt
640 2019 663 2041 a
690 2005 929 2048 Samnitibus,

192 2071 254 2093 um
281 2059 472 2094 latrocinio
497 2055 702 2101 (Raubzug)
729 2064 773 2086 zu
795 2051 925 2086 heben.

242 2111 294 2140 13.
321 2105 430 2151 enim]
455 2103 541 2138 Dass
557 2102 614 2136 die
628 2101 818 2135 Samniten
831 2099 927 2133 nach

190 2153 402 2197 Besiegung
429 2153 493 2186 der
520 2149 701 2184 Sidiciner
727 2145 856 2181 Anlass
884 2158 927 2179 zu

193 2199 475 2243 Sti-eitigkeiten
500 2197 570 2231 mit
602 2196 671 2230 den
697 2193 928 2238 Campanern

191 2247 348 2292 gesucht
366 2247 506 2288 hatten,
532 2245 581 2278 ist
601 2241 925 2283 wahrscheinlich3

191 2295 286 2330 doch
312 2293 362 2328 ist
388 2293 446 2327 die
470 2292 551 2326 hier
570 2288 744 2333 folgende
765 2288 928 2332 Begri‘in-

192 2343 292 2385 dung
306 2343 365 2376 fiir
380 2340 480 2375 diese
496 2338 742 2380 Behauptung
757 2334 928 2369 schwach

192 2389 267 2424 und
287 2389 401 2424 stiitzt
421 2387 498 2421 sich
517 2386 582 2419 auf
601 2382 710 2418 naive
724 2381 928 2416 Ansichten

192 2437 291 2472 eines
323 2437 502 2476 ffletors,
539 2430 592 2466 sci
631 2442 668 2465 es
707 2430 770 2464 des
802 2428 927 2462 Livius

192 2484 279 2519 oder
306 2483 424 2518 seiner
451 2479 590 2523 Quelle.

239 2530 402 2575 causam]
428 2525 628 2565 Vorwand,
655 2522 795 2558 Aniass.
851 2568 857 2574 .

241 2583 293 2613 14.
321 2582 351 2612 et
365 2575 455 2621 non]
475 2575 511 2609 in
528 2574 592 2607 der
608 2571 811 2606 Korrektur
827 2579 926 2603 eines

190 2623 514 2670 voraufgehenden
545 2618 743 2664 Begwifles,
776 2617 844 2651 wie
870 2620 926 2668 28,

189 2676 280 2716 43,4
305 2671 380 2706 und
407 2669 583 2705 zuweilen
611 2666 668 2701 bei
695 2664 839 2705 Ciam—03
865 2663 927 2696 bei

189 2720 314 2754 Livius
347 2722 450 2753 sonst
483 2727 524 2751 ac
555 2725 628 2750 ozon
662 2717 708 2756 <8‚
728 2715 784 2754 27,
806 2716 825 2745 2
852 2710 926 2744 und

191 2771 247 2808 31,
267 2770 308 2809 43
334 2769 390 2808 24,
412 2768 468 2807 37,
490 2768 535 2805 7).
801 2804 808 2810 ·

235 2825 368 2857 parum
394 2811 483 2856 fuit]
518 2811 556 2844 in
583 2809 647 2842 der
670 2804 926 2841 rhetorischen

189 2860 310 2904 Frage
336 2862 428 2894 statt
452 2869 525 2893 non
550 2857 640 2891 satis
664 2854 747 2898 suit.

1055 1488 1108 1520 15.
1146 1485 1333 1532 villarum]
1373 1487 1468 1521 auch
1504 1486 1574 1521 mit
1615 1488 1750 1522 ruinas

1006 1544 1051 1566 zu
1077 1532 1288 1567 verbinden.
1339 1532 1405 1567 Bei
1438 1534 1520 1568 dem
1553 1533 1592 1568 in
1618 1533 1746 1579 Capua

1004 1579 1279 1614 herrschenden
1293 1579 1413 1615 Luxus
1433 1580 1505 1625 gab
1521 1592 1559 1615 es
1580 1581 1743 1616 daselbst

1006 1626 1100 1661 ohne
1122 1626 1271 1661 Zweifel
1297 1628 1412 1662 sehon
1436 1628 1475 1662 in
1501 1627 1622 1662 dieser
1641 1629 1743 1664 alten

1004 1673 1086 1707 Zeit
1111 1673 1207 1708 viele
1233 1673 1485 1710 Landh'auser.

1055 1724 1109 1756 16.
1136 1721 1287 1767 hiscine]
1320 1721 1443 1757 Ablat.
1470 1733 1543 1757 von
1567 1722 1652 1758 haec
1675 1722 1746 1757 mit

1006 1768 1267 1812 angeh‘angter
1290 1768 1583 1813 Fragepartikel.

1054 1819 1106 1850 17.
1128 1817 1266 1859 potius,
1292 1816 1415 1862 quam]
1447 1815 1742 1861 Vgl.Kap.18,6.
1793 1854 1794 1857 ,

1050 1872 1124 1897 ‘non
1150 1863 1310 1907 loquor..
1323 1890 1329 1898 .
1335 1863 1529 1909 populum]
1546 1863 1652 1898 Sinn:
1667 1863 1742 1898 Das

1005 1909 1186 1961 romische
1213 1909 1325 1963 ‘Volk
1360 1911 1486 1945 wi‘irde
1524 1911 1603 1945 sich
1639 1909 1746 1945 nicht

1003 1956 1742 2050 53}fi‘3¹51’‹ffssfflfiffffsgssssssssffssffffiffissss5

999 2062 1058 2085 um
1088 2051 1175 2085 aber
1206 2051 1264 2085 die
1291 2051 1481 2086 Samnitem
1516 2062 1589 2086 von
1615 2051 1743 2096 Capua

1000 2098 1325 2142 zursi'ckzuhalten,
1346 2098 1481 2133 bedarf
1491 2110 1528 2133 es
1545 2099 1650 2133 nicht
1664 2097 1740 2133 ein-

1000 2145 1075 2178 mal
1096 2145 1160 2179 der
1174 2144 1359 2189 Tmppen,
1380 2146 1537 2180 sondern
1557 2158 1625 2180 nur
1640 2145 1741 2181 eines

1002 2191 1163 2226 Gebotes
1191 2192 1254 2226 der
1278 2192 1424 2228 Romer.

1049 2239 1289 2283 ostenderitis]
1329 2240 1444 2274 durch
1476 2239 1536 2274 die
1569 2238 1741 2285 Stellung

1000 2287 1180 2330 gehoben.

1049 2335 1103 2367 18.
1142 2333 1272 2379 supra]
1320 2333 1453 2378 hoher,
1496 2332 1638 2377 weiter,
1682 2332 1741 2367 bis

1000 2392 1043 2413 zu
1087 2380 1158 2414 den
1205 2381 1382 2424 Romern,
1438 2380 1577 2415 welche
1614 2380 1739 2414 mach-

1000 2426 1099 2472 tiger
1123 2427 1214 2461 sind.

1048 2474 1194 2520 umbra]
1246 2474 1361 2509 durch
1405 2474 1513 2509 einen
1552 2473 1739 2509 Schatten.

1001 2520 1086 2565 Vgl.
1109 2521 1218 2556 latere
1236 2522 1302 2556 sub
1321 2522 1448 2556 umbra
1468 2521 1577 2556 vestri
1602 2521 1740 2555 auoeilii

1001 2569 1222 2611 (32‚21,31),
1249 2568 1437 2603 Romanae
1457 2569 1638 2603 amicitiae
1667 2569 1738 2612 (34,

1001 2618 1032 2658 9,
1052 2616 1119 2659 10),
1146 2614 1328 2659 Scipionis
1352 2617 1423 2660 (38,
1439 2619 1494 2658 51,
1509 2617 1557 2658 4).

1049 2665 1102 2696 19.
1128 2662 1228 2697 vobis
1303 2661 1526 2707 Campanus]
1543 2660 1736 2697 d.h.Cam-

998 2707 1135 2752 panien
1170 2708 1263 2743 wird
1298 2708 1472 2745 Getreide
1506 2710 1601 2743 nach
1640 2708 1735 2742 Rom

998 2755 1146 2798 liefern,
1192 2757 1365 2790 wahrend
1404 2769 1430 2790 z.
1457 2755 1497 2789 B.
1536 2755 1596 2789 bei
1634 2756 1736 2789 einer

1000 2802 1195 2846 Teuernng
1221 2803 1271 2836 im
1296 2803 1407 2837 Jahre
1433 2805 1500 2836 411
1522 2814 1555 2836 v.
1572 2801 1654 2836 Chr.
1675 2801 1734 2836 die

998 2848 1134 2883 Romer
1171 2850 1340 2884 umsonst
1376 2849 1549 2884 versucht
1591 2848 1735 2892 hatten,
