1794 3084
95 119 301 146 a.<311.n.3sss.
639 109 780 145 LIBER
805 108 867 144 VI.
919 108 1020 144 CAP.
1047 112 1103 143 40.
1601 106 1656 147 85

96 216 142 259 L.
186 217 307 258 illum
353 215 544 259 Sextium
590 220 632 259 et
675 217 719 260 C.
761 217 984 271 Licinium,
1028 218 1271 271 perpetuos,
1313 215 1348 256 si
1391 214 1456 256 dis
1500 215 1655 269 placet,
1681 226 1700 257 7

95 275 306 329 tribunos,
333 279 502 317 tantum
528 277 727 319 licentiae
753 291 907 319 novem
935 277 1073 328 annis,
1099 275 1254 330 quibus
1281 277 1479 329 regnant,
1511 288 1654 327 sump-

96 335 221 389 sisse,
267 337 315 376 ut
354 335 477 376 vobis
517 339 678 390 negent
715 338 977 390 potestatem
1016 335 1197 376 liberam
1237 333 1449 387 suffragii,
1491 346 1580 374 non
1613 332 1656 373 in

95 393 294 446 comitiis,
325 407 412 434 non
444 393 489 434 in
522 394 691 449 legibus
724 394 935 445 iubendis,
968 408 1011 435 se
1044 392 1327 447 permissuros
1362 391 1483 433 esse?

214 450 334 493 “Sub
368 452 649 494 condicione²⁹
669 453 809 508 inquit
829 452 940 495 “nos
961 452 1162 493 reficietis
1184 451 1394 492 decimum
1414 448 1656 492 ’oribunos''.
1682 461 1703 491 8

95 510 196 565 quid
229 512 295 552 est
327 510 443 552 aliud
475 511 613 553 dicere
659 511 805 566 “quod
837 513 991 566 petunss
1023 511 1107 563 alii,
1147 525 1227 552 nos
1261 509 1366 551 adeo
1398 508 1656 562 fastidimus,

94 571 143 610 ut
176 569 266 611 sine
299 569 491 611 mercede
530 584 689 625 magna
726 585 814 612 11011
860 568 1182 624 accipiamus''?
1229 569 1302 609 sed
1335 582 1442 622 quae
1482 567 1656 609 tandem
1683 578 1703 609 9

93 627 179 669 ista
209 642 371 670 merces
405 631 481 680 est,
526 644 610 683 qua
642 644 718 671 vos
752 643 919 683 semper
964 629 1162 669 tribunos
1206 627 1344 681 plebis
1389 626 1656 680 hameus‘?

95 685 175 728 “ut
194 686 475 739 rogationes’'
496 687 637 742 inquit
659 687 875 742 “nostras‚
896 702 969 728 seu
1001 687 1174 741 placent
1206 700 1280 727 seu
1312 686 1550 742 displicent,
1583 699 1658 726 seu

93 745 221 787 utiles
249 760 323 787 seu
349 746 524 787 inutiles
554 750 665 801 sunt,
698 761 845 788 omnes
873 746 1134 788 coniunctim
1161 743 1429 800 accipiatis’'.
1480 745 1656 801 obsecro
1688 754 1728 785 10

92 818 182 858 vos,
228 803 453 859 Tarquinii
492 805 656 846 tribuni
694 805 855 860 plebis,
899 807 1049 859 putate
1087 818 1154 845 me
1195 818 1245 845 ex
1285 803 1426 845 media
1458 804 1658 845 contione

93 877 226 904 unum
273 863 410 905 civem
456 864 719 905 succlamare
765 863 919 906 “bona
958 864 1083 905 venia
1122 864 1267 905 vestra
1317 863 1446 904 liceab
1490 877 1541 903 ex
1591 862 1659 903 his

93 921 394 977 rogationibus
428 923 583 978 legere,
616 937 721 977 quas
755 923 950 964 salubres
989 922 1116 964 nobis
1156 936 1378 963 censemus
1412 935 1517 975 esse,
1550 920 1660 962 anti-

93 994 223 1035 quare
244 979 396 1022 alias'’.
421 1006 470 1010 —
495 980 644 1023 “non''
667 982 809 1037 inquit
830 981 1027 1036 “licebit3
1049 984 1096 1022 tu
1117 981 1166 1022 de
1187 981 1360 1022 faenore
1381 982 1509 1034 atque
1531 980 1659 1034 agris,
1687 991 1727 1021 11

95 1038 207 1094 quod
241 1039 295 1080 ad
326 1054 402 1081 vos
437 1055 584 1082 omnes
616 1042 818 1094 perbine'o,
851 1041 1015 1094 iubeas,
1053 1042 1096 1081 et
1126 1039 1209 1081 hoc
1241 1039 1430 1094 portenti
1465 1053 1552 1080 11011
1586 1039 1660 1094 11311

92 1097 136 1139 111
168 1098 273 1140 urbe
306 1098 514 1152 Romana,
546 1100 608 1140 uti
643 1100 686 1141 L.
715 1098 908 1141 Sextium
942 1101 1069 1153 atque
1101 1099 1213 1139 hunc
1246 1097 1290 1140 O.
1311 1097 1526 1139 Licinium
1561 1112 1659 1142 con:

92 1156 218 1210 sules,
263 1157 377 1211 quod
421 1158 675 1213 indignaris,
708 1158 822 1213 quod
856 1158 1136 1208 abominaris,
1179 1157 1338 1199 videas.
1397 1159 1470 1198 auh
1515 1157 1659 1198 omnia

92 1215 249 1269 accipe,
288 1219 362 1257 aut
393 1216 503 1257 nihil
537 1216 674 1270 fer0''‚
709 1241 760 1246 —
796 1220 844 1259 ut
876 1217 912 1258 si
945 1217 1038 1271 quis
1072 1216 1122 1269 ei,
1166 1230 1292 1270 quem
1324 1218 1478 1270 urgeat
1508 1214 1659 1269 fames,
1688 1225 1729 1256 12

92 1287 304 1316 venenum
335 1278 469 1329 ponat
504 1290 600 1317 eum
633 1277 728 1318 cibo
763 1279 805 1317 et
838 1278 913 1317 aut
946 1275 1163 1317 abstinere
1198 1289 1259 1329 eo,
1293 1275 1406 1329 quod
1434 1274 1563 1316 vitale
1591 1274 1659 1328 sit,

91 1411 170 1446 det:
198 1412 264 1448 das
285 1413 488 1450 Verfahren
510 1415 573 1450 des
594 1414 741 1449 Sextius
764 1415 837 1449 und
910 1414 1027 1459 nobig,
1053 1413 1139 1449 weil
1164 1413 1225 1450 bei
1251 1415 1461 1450 condicione
1487 1414 1574 1449 kein
1594 1414 1661 1448 At-

90 1458 254 1494 Licinius
279 1459 420 1496 konnte
446 1473 518 1497 von
545 1462 627 1497 dem
657 1461 838 1507 Sprecher
910 1461 1031 1496 tribub
1052 1463 1095 1507 (z.
1118 1461 1158 1496 B.
1180 1473 1234 1504 ea,
1260 1464 1390 1506 aequa)
1418 1460 1537 1504 steht;
1565 1461 1661 1496 doch

90 1505 196 1540 nicht
220 1506 537 1554 stillschweigend
568 1520 839 1555 angenommen
910 1509 1027 1543 findet
1065 1520 1102 1543 es
1140 1507 1219 1543 sich
1255 1509 1350 1543 auch
1383 1512 1522 1553 21,12,
1542 1512 1564 1542 4
1595 1509 1661 1543 sub

90 1553 250 1597 werden,
290 1555 386 1589 auch
426 1566 532 1591 wenn
569 1567 608 1591 er
644 1556 741 1591 bloss
778 1555 840 1591 ein
912 1556 1189 1591 condicionibus
1214 1557 1271 1590 iis.

90 1599 366 1645 freigeborener
391 1601 560 1648 Plebejer
586 1607 695 1638 ware.
960 1603 1098 1648 inquit]
1124 1603 1236 1637 n‘aml.
1270 1602 1461 1648 derjenige
1495 1602 1560 1637 der
1585 1602 1661 1636 bei-

136 1648 204 1682 sim
237 1674 244 1681 .
273 1676 279 1682 .
309 1676 315 1683 .
342 1650 502 1696 possim]
541 1650 629 1685 Man
667 1650 841 1685 erwarteb
913 1650 986 1684 den
1011 1648 1211 1693 Tribunen‚
1238 1650 1399 1684 welcher
1425 1650 1484 1684 die
1511 1649 1661 1684 vorher-

90 1693 163 1728 den
182 1694 292 1740 Konj.
312 1695 472 1740 Imperf.,
500 1697 547 1732 da
567 1698 626 1732 die
641 1697 836 1731 Annahme
909 1696 1078 1741 gehende
1103 1697 1205 1731 Rede
1237 1695 1415 1741 gehalten
1446 1697 1570 1738 hatte;
1610 1696 1662 1730 im

89 1739 155 1776 der
169 1740 435 1778 Wirkliehkeit
449 1744 724 1789 widerspricht3
740 1743 836 1778 doeh
910 1743 1122 1778 Deutsehen
1149 1743 1287 1778 Plural.

89 1787 162 1833 vgl.
179 1788 253 1824 Cic.
274 1789 313 1824 in
327 1789 405 1826 Cat.
435 1795 465 1834 1,
487 1795 529 1826 19
556 1792 642 1826 haec
666 1792 699 1826 si
724 1794 838 1826 tecum
958 1791 1047 1835 quid
1079 1794 1130 1825 est
1163 1791 1269 1825 aliud
1300 1789 1432 1835 dicere]
1466 1789 1660 1825 Ausdruck

83 1836 214 1880 patria
259 1836 440 1882 loquatur,
482 1849 602 1874 nonne
645 1839 839 1882 impetrare
912 1838 976 1872 des
1021 1836 1237 1880 Unwillens,
1266 1854 1310 1866 =
1341 1848 1461 1872 nonne
1503 1838 1569 1873 hoe
1610 1841 1660 1872 est

87 1882 238 1918 debeat?
912 1885 1028 1920 dicere
1054 1912 1061 1919 .
1084 1912 1091 1919 .
1114 1883 1150 1918 ..9

49 1933 54 1936 “
137 1929 278 1965 duobus
307 1931 478 1975 inqenuis
507 1931 640 1977 onum]
675 1942 722 1967 00.
756 1941 838 1974 esse,
963 1935 1015 1966 10.
1054 1932 1194 1966 obsecro
1231 1931 1308 1978 vos]
1346 1930 1661 1966 nachdrsickliche

91 1975 197 2011 nicht
215 1977 276 2011 ein
300 1976 599 2022 Freigelassener
618 1979 838 2022 (libert1'nus)
912 1978 1198 2023 Aufforderung,
1231 1978 1297 2013 das
1323 1978 1512 2023 Folgende
1538 1989 1581 2012 zu
1607 1990 1661 2014 er-

91 2035 125 2057 u.
148 2023 253 2058 nicht
267 2025 329 2059 ein
350 2023 450 2060 Sohn
471 2025 571 2060 eines
593 2025 837 2070 Freigelasse-
912 2029 1043 2068 πᾶς-,(011
1070 2027 1117 2070 (4,
1139 2029 1172 2065 3,
1193 2029 1232 2067 9ς
1260 2030 1290 2069 5,
1313 2030 1344 2069 6,
1366 2030 1412 2070 3).

89 2081 173 2114 nen,
200 2070 249 2106 da.
268 2071 394 2107 diesen
415 2071 480 2107 der
499 2072 606 2107 echte
627 2072 717 2107 Sinn
737 2072 838 2107 eines
963 2072 1159 2117 Tarquinii
1207 2074 1349 2108 tribuni
1392 2073 1526 2118 plebis]
1577 2072 1660 2107 eine

88 2116 250 2163 Bfirgers
270 2117 308 2152 in
324 2119 444 2154 einem
463 2118 581 2155 freien
595 2118 723 2155 Staate
743 2119 839 2154 noch
910 2119 1036 2154 kiihne
1058 2120 1452 2165 Zusammenstellung,
1481 2120 1555 2154 ‘ihr
1570 2120 1659 2154 Tar-

89 2163 195 2199 nicht
220 2164 328 2208 eigen
354 2166 417 2201 sei.
912 2166 1057 2211 quinier
1076 2178 1149 2202 von
1170 2167 1473 2210 Volkstribunen,
1499 2167 1558 2201 ihr
1584 2167 1660 2201 tar-

139 2215 169 2246 7.
195 2213 228 2247 si
246 2212 305 2248 dis
318 2214 454 2260 placet]
470 2213 665 2249 Ausdruck
686 2214 750 2249 des
765 2214 838 2249 Un-
911 2213 1130 2258 quinischen
1156 2214 1479 2249 Volkstribunen'.
1507 2218 1539 2256 3,
1561 2218 1617 2257 39,
1638 2218 1659 2248 3

90 2257 247 2302 willens,
295 2259 400 2296 ‘Goth
443 2261 527 2296 sei's
570 2261 737 2307 geklagt,
777 2260 837 2296 bei
911 2261 1027 2296 nonni:
1057 2262 1104 2296 M.
1139 2261 1316 2297 Horatius
1349 2261 1409 2296 die
1442 2261 1659 2296 Dezemvirn

89 2303 209 2340 Gott’.
235 2310 275 2350 4,
302 2311 341 2350 3,
362 2310 383 2342 8
421 2309 512 2353 quin
549 2309 674 2350 etiam,
711 2309 743 2343 si
780 2309 838 2343 dis
910 2309 1025 2344 decem
1052 2308 1284 2353 Tarquinios.

85 2352 223 2397 placet,
265 2355 370 2397 nefas
406 2356 514 2390 aiunt
550 2366 622 2390 esse
658 2355 838 2391 consulem
960 2359 1013 2390 11.
1052 2356 1095 2390 de
1127 2358 1275 2399 faenore
1302 2384 1308 2390 .
1332 2385 1338 2392 .
1360 2380 1368 2390 .
1394 2355 1506 2401 quod]
1534 2372 1577 2383 =
1603 2365 1659 2390 ro-

89 2399 264 2444 plebeium
289 2403 389 2446 fteri;
415 2406 472 2447 34,
486 2406 542 2446 32,
561 2406 620 2446 17;
642 2405 698 2445 38,
719 2405 775 2446 47,
797 2406 835 2445 3;
909 2404 1090 2447 yationem
1114 2403 1157 2438 de
1182 2404 1329 2446 faenore
1355 2431 1362 2438 .
1386 2431 1392 2438 .
1415 2431 1422 2438 .
1449 2414 1551 2448 quae.

93 2449 151 2490 39,
172 2450 229 2491 28,
251 2451 270 2482 5
297 2461 331 2484 11.
359 2453 416 2493 36,
442 2454 500 2492 14;
528 2453 585 2493 44,
606 2453 662 2492 22,
683 2452 715 2484 8.
958 2450 1099 2496 iubeas]
1112 2448 1655 2493 ‘wsirdestannehmen’‚n'aml.

136 2496 351 2542 sumpsisse]
399 2497 711 2541 ‘angenommen,
757 2495 836 2532 sich
908 2497 942 2532 si
967 2497 1083 2533 liceat.

89 2538 450 2586 herausgenommen
475 2543 628 2578 haben’.
672 2547 704 2586 4,
726 2546 782 2586 54,
803 2548 835 2579 8.
957 2548 989 2580 et
1015 2571 1023 2578 .
1045 2573 1052 2580 .
1077 2572 1082 2578 .
1115 2544 1254 2590 videas]
1289 2544 1431 2597 Appius
1464 2544 1543 2588 legt
1575 2543 1657 2577 bos—

137 2591 180 2623 ut
208 2589 308 2624 vobis
339 2590 427 2636 ete]
461 2591 548 2625 Man
586 2590 835 2625 konstruiere:
909 2590 992 2625 haft
1012 2591 1082 2626 den
1103 2589 1290 2626 Tribunen
1311 2601 1410 2626 seme
1433 2591 1562 2635 eigene
1584 2591 1655 2624 An-

91 2637 133 2669 αἱ
148 2639 274 2680 negent
293 2647 328 2672 se
344 2638 445 2673 vobis
459 2641 671 2682 potestatem
690 2638 839 2672 liberam
911 2638 1102 2682 schauung
1127 2637 1165 2672 111
1192 2637 1264 2672 den
1284 2638 1409 2680 Mund,
1437 2638 1563 2671 00111011
1583 2636 1658 2670 Ab·

90 2682 263 2728 suffrayii
290 2685 530 2729 permissuros
554 2695 637 2729 esse,
670 2695 744 2720 non
772 2712 778 2719 .
800 2713 806 2720 .
830 2712 837 2719 .
912 2685 1025 2719 scheu
1050 2684 1111 2720 bei
1138 2684 1223 2719 dem
1249 2684 1463 2727 Gedanken,
1491 2683 1570 2718 dass
1597 2683 1656 2718 ein

91 2727 268 2764 iubendis.
911 2731 1082 2776 Plebejer
1108 2731 1249 2766 Konsul
1274 2731 1422 2766 werden
1449 2731 1599 2765 konnte.

139 2775 180 2810 in
211 2777 380 2823 comitiis]
412 2777 577 2813 namlich
608 2779 839 2814 tribunorum
957 2778 1023 2813 hoc
1041 2778 1220 2824 portenti]
1247 2778 1367 2812 diener
1392 2775 1536 2814 Greuel.

90 2820 190 2866 plebi
215 2825 452 2860 creandorum
478 2825 584 2871 (Καρ.
606 2830 662 2869 39,
683 2828 730 2868 5).
958 2827 999 2860 in
1025 2825 1112 2860 urbe
1137 2824 1321 2870 Romana]
1346 2825 1429 2870 Vgl.
1445 2825 1537 2870 Καρ.
1553 2828 1609 2868 28,
1625 2828 1656 2860 5.

143 2871 175 2904 8.
212 2871 278 2906 sub
316 2872 542 2918 condicione]
574 2873 641 2908 sub
671 2872 720 2908 ist
757 2871 838 2907 hier
961 2876 1014 2908 12.
1044 2872 1167 2917 vitale]
1188 2871 1435 2907 Lebenskraft
1454 2871 1656 2915 besitzend,
