1794 3084
525 462 848 510 PERIOOHA
885 461 1058 508 LIBRI
1084 460 1211 507 VIII.

206 581 350 624 Latini
383 595 479 622 cum
511 577 743 633 Campanis
785 577 975 619 defecere
1008 579 1050 617 et
1081 575 1225 617 missis
1257 575 1415 629 legatis
1449 574 1501 616 ad
1535 589 1653 616 sena-

85 645 178 684 tum
205 640 497 684 condicionem
523 639 728 692 tulerunt,
759 640 818 691 ut,
846 637 880 678 si
907 650 1056 691 pacem
1082 635 1240 676 habere
1268 634 1438 687 vellent,
1471 634 1653 675 alterum

88 716 140 743 ex
174 699 341 742 Latinis
381 697 600 740 consulem
638 697 837 739 facerent.
902 710 986 750 qua
1024 694 1241 750 legatione
1283 693 1450 747 perlata
1483 696 1656 747 praetor

92 774 240 802 eorum
267 758 436 800 Annius
469 757 520 799 de
548 755 761 810 Capitolio
794 756 856 797 ita
887 755 1116 809 prolapsus
1144 756 1221 807 est,
1252 756 1300 793 ut
1326 753 1655 794 exanimaretur.

87 819 136 861 T.
163 818 349 860 Manlius
383 816 533 858 consul
564 816 718 869 filium,
760 814 871 869 quod
911 816 1060 855 contra
1099 812 1286 854 edictum
1328 812 1418 852 eius
1452 811 1655 853 adversus
1683 822 1702 852 5

87 877 267 919 Latinos
299 877 588 932 pugnaverat,
621 874 817 930 quamvis
857 886 1060 927 prospere
1100 873 1354 926 pugnasset,
1396 871 1533 913 securi
1565 885 1656 925 per-

88 937 236 979 cussit.
298 934 601 977 laborantibus
633 934 678 975 in
711 933 801 974 acic
833 932 1043 974 Romanis
1077 931 1123 973 P.
1155 930 1331 983 Decius,
1369 932 1472 971 timc
1506 930 1657 972 consul

94 1010 192 1038 cum
223 993 409 1047 Manlio,
446 993 619 1035 devovit
652 1007 695 1034 se
733 1006 811 1047 pro
846 991 1035 1033 exercitu
1068 992 1129 1045 et,
1168 990 1383 1032 concitato
1418 1004 1525 1044 equo
1559 1004 1656 1031 curn

91 1055 136 1096 in
169 1053 332 1095 medios
366 1053 513 1094 hostes
547 1066 590 1093 se
622 1051 854 1105 intulisset,
886 1050 1136 1091 interfectus
1169 1052 1308 1091 morte
1342 1064 1419 1090 sua
1450 1048 1656 1090 Romanis

87 1113 314 1155 victoriam
345 1111 549 1153 restituit.
599 1110 745 1152 Latini
777 1111 822 1152 in
856 1109 1116 1151 deditionem
1147 1110 1368 1150 venerunt.
1418 1107 1465 1149 T.
1493 1107 1656 1150 Manlio
1686 1119 1729 1150 10

88 1172 134 1214 in
159 1171 309 1213 urbem
336 1185 507 1212 reverso
534 1184 661 1211 nemo
689 1184 739 1211 ex
765 1169 988 1211 iuventute
1016 1168 1188 1210 obviam
1214 1167 1436 1222 processit.
1468 1166 1658 1209 Minucia

91 1231 213 1286 virgo
247 1229 436 1271 Vestalis
469 1229 623 1271 incesti
655 1228 860 1270 damnata
892 1231 968 1270 est.
1024 1228 1271 1269 Ausonibus
1304 1226 1429 1268 victis
1462 1227 1506 1267 in
1539 1227 1657 1282 oppi-

92 1290 194 1332 dum
226 1303 277 1330 ex
309 1289 369 1330 eis
403 1291 577 1343 captum
609 1287 736 1330 Cales
770 1288 938 1330 colonia
971 1287 1152 1328 deducta
1185 1290 1267 1340 est3
1299 1287 1404 1327 item
1436 1285 1658 1340 Fregellae

91 1349 263 1391 colonia
295 1348 478 1390 deducta
511 1350 587 1388 est.
650 1347 904 1389 veneficium
944 1346 1230 1400 complurium
1262 1347 1558 1387 matronarum
1592 1345 1659 1386 de-

90 1408 348 1462 prehensum
383 1411 465 1461 est,
498 1421 547 1448 ex
582 1406 737 1461 quibus
769 1406 979 1460 plurimae
1013 1405 1161 1446 statim
1194 1404 1334 1459 epotis
1367 1404 1657 1446 medicamini·
1687 1414 1729 1445 15

90 1468 171 1509 bus
202 1467 433 1522 perierunt.
496 1465 565 1506 lex
606 1465 656 1506 de
693 1465 900 1507 veneficio
939 1468 1042 1506 tuuc
1080 1465 1266 1518 primum
1306 1464 1545 1505 constituta
1584 1465 1659 1504 est.

91 1525 438 1580 Privernatibus,
471 1539 567 1566 cum
600 1524 902 1576 rebellassent,
936 1523 1060 1566 victis
1093 1523 1244 1565 civitas
1278 1522 1378 1564 data
1411 1525 1488 1564 est.
1549 1521 1659 1564 Nea-

94 1585 280 1640 politani
306 1584 418 1626 bello
447 1586 490 1625 et
516 1583 740 1625 obsidione
763 1583 862 1625 victi
888 1584 932 1624 in
960 1582 1220 1624 deditionem
1247 1584 1468 1624 venerunt.
1511 1580 1557 1630 Q.
1578 1581 1658 1622 Pu-

90 1644 233 1698 blilio,
265 1644 336 1698 qui
369 1657 442 1684 eos
477 1642 719 1693 obsederat,
763 1643 904 1697 primo
938 1644 980 1683 et
1011 1641 1236 1696 imperium
1270 1642 1487 1695 prolatum
1520 1643 1585 1682 est
1616 1642 1660 1682 et

90 1717 170 1757 pro
197 1702 373 1744 consule
399 1701 646 1755 triumphus
667 1701 874 1743 decretus.
918 1701 1040 1755 plebs
1061 1715 1172 1742 nexu
1192 1700 1379 1742 liberata
1399 1703 1463 1741 est
1483 1702 1660 1753 propter
1687 1709 1730 1740 20

91 1762 138 1803 L.
164 1760 325 1815 Papirii
354 1760 575 1802 creditoris
602 1760 837 1814 libidinem,
870 1760 942 1814 qui
970 1758 1015 1801 C.
1042 1759 1226 1801 Publilio
1255 1759 1439 1802 debitori
1470 1773 1546 1800 suo
1575 1760 1660 1800 stu-

92 1835 219 1875 prum
240 1819 400 1861 inferre
419 1819 630 1861 voluerat.
663 1833 759 1860 cum
780 1818 826 1861 L.
847 1819 1045 1873 Papirius
1067 1817 1226 1861 Cursor
1253 1819 1436 1861 dictator
1465 1832 1659 1859 reversus

97 1881 143 1921 in
176 1879 326 1920 urbem
353 1879 406 1920 ab
435 1878 623 1920 exercitu
656 1881 770 1920 esset
800 1882 978 1932 propter
1010 1878 1203 1933 auspicia
1235 1877 1476 1932 repetenda,
1510 1876 1557 1925 Q.
1583 1876 1661 1918 Fa-

96 1938 192 1980 bius
226 1937 437 1993 magister
469 1938 674 1992 equitum,
706 1937 928 1979 occasione
961 1937 1070 1979 bene
1104 1937 1317 1992 gerendae
1345 1937 1406 1977 rei
1439 1936 1660 1988 invitatus,

98 1999 247 2040 contra
280 1997 463 2038 edictum
497 1996 588 2038 eius
620 2011 823 2050 prospere
857 1997 1060 2038 adversus
1089 1995 1302 2038 Samnites
1334 1995 1558 2051 pugnavit.
1605 1995 1658 2036 ob
1686 2004 1730 2035 25

95 2071 190 2098 eam
235 2070 409 2097 causam
455 2070 549 2097 cum
597 2055 782 2097 dictator
822 2055 872 2096 de
910 2055 1122 2110 magistro
1163 2056 1357 2111 equitum
1404 2054 1660 2108 supplicium

95 2117 344 2169 sumpturus
377 2114 611 2168 videretur,
649 2113 809 2156 Fabius
843 2114 1025 2156 Romam
1058 2115 1253 2170 profugit
1286 2118 1346 2168 et,
1378 2128 1474 2156 cum
1507 2127 1660 2168 parum

93 2189 222 2216 causa
258 2174 503 2228 proficeret,
549 2173 698 2228 populi
738 2174 937 2228 precibus
976 2174 1160 2216 donatus
1200 2176 1276 2216 est.
1338 2187 1406 2215 res
1438 2175 1661 2228 praetcrea

95 2236 242 2275 contra
275 2232 490 2275 Samnites
523 2247 728 2287 prospere
761 2235 908 2287 gestas
941 2233 1142 2275 continet.
