1794 3084
84 127 110 146 a.
130 119 195 146 Chr.
216 127 243 145 n.
263 120 323 146 392.
343 120 405 146 391.

199 218 404 260 Kalendis
434 217 720 267 Quinctilibus
752 218 1054 271 magistratum
1088 231 1287 272 occepere
1321 216 1367 258 L.
1400 216 1710 273 Lucretius‚32

644 108 786 144 LIBER
809 109 853 144 V.
899 107 1001 145 CAP.
1029 112 1082 144 32.
1583 109 1636 150 61

83 277 172 320 Ser.
205 276 436 332 Sulpicius,
474 276 531 318 M.
564 277 789 330 Aemilius,
828 277 872 318 L.
906 275 1058 318 Furius
1098 276 1356 318 Medullinus
1396 277 1638 331 septimum,

80 337 278 393 Agrippa
315 335 490 390 Furius,
528 335 572 378 O.
607 336 813 377 Aemilius
851 336 1020 377 iterum.

1083 350 1131 376 ex
1170 335 1237 377 his
1278 335 1323 376 L.
1357 334 1554 377 Lucretio
1596 339 1639 377 et
1665 345 1684 375 2

80 394 126 439 C.
158 395 343 438 Aemilio
375 395 666 437 Volsinienses
699 395 919 449 provincia
951 395 1109 448 evenit,
1143 393 1384 449 Salpinates
1416 394 1637 449 Agrippae

81 453 211 496 Furio
251 458 293 496 et
332 454 418 497 Ser.
452 453 651 509 Sulpicio.

719 454 836 508 prius
878 468 973 495 cum
1014 453 1358 495 Volsiniensibus
1399 458 1636 509 pugnatum
1665 465 1684 495 3

80 516 156 556 est.
230 514 392 556 bellum
435 528 610 555 numero
653 513 842 554 hostium
887 514 1058 568 ingens⁷
1103 514 1332 555 certamine
1377 513 1491 555 haud
1536 528 1638 555 sane

80 587 279 628 asperum
309 574 400 614 fuit.
444 573 538 614 fusa
563 573 700 627 primo
728 586 935 614 concursu
963 572 1094 628 acies3
1125 573 1169 613 in
1195 572 1342 626 fugam
1370 587 1494 614 versa
1520 573 1639 614 milia

81 635 178 674 octo
212 635 477 674 armatorum
516 632 569 672 ab
612 631 826 686 equitibus
860 631 1092 672 interclusa
1130 632 1283 686 positis
1322 633 1455 673 armis
1495 633 1538 673 in
1571 632 1638 673 de-

79 691 287 733 ditionem
315 693 531 732 venerunt.
583 691 673 732 eius
705 691 807 731 belli
839 690 954 731 fama
988 691 1138 745 effecit,
1171 705 1222 731 ne
1251 705 1294 732 se
1326 705 1495 746 pugnae
1529 706 1640 733 com·
1665 701 1686 731 4

79 751 303 792 mitterent
329 748 590 804 Salpinates3
623 749 849 791 moenibus
876 751 1029 790 armati
1063 765 1107 791 se
1139 750 1405 791 tutabantur.
1456 750 1639 792 Romani

78 809 260 864 praedas
297 809 460 864 passim
499 812 541 850 et
578 823 629 850 ex
667 806 880 863 Salpinati
919 823 1021 864 agro
1062 812 1104 851 et
1142 824 1190 850 ex
1224 808 1488 850 Volsiniensi
1520 810 1638 851 nullo

79 883 174 910 eam
207 869 293 910 vim
327 871 498 910 arcente
525 871 716 925 egerunt,
749 868 881 910 donec
907 867 1251 910 Volsiniensibus
1283 868 1408 910 fessis
1441 869 1557 911 bello
1590 884 1640 911 ea
1666 878 1686 909 5

79 928 347 982 condicione,
391 930 440 969 ut
478 942 545 969 res
586 928 746 983 populo
788 927 984 969 Romano
1025 928 1252 969 redderent
1293 928 1639 983 stipendiumque

79 987 170 1029 eius
198 988 301 1028 anni
328 987 532 1029 exercitui
559 990 839 1041 praestarent,
872 988 916 1028 in
942 988 1097 1041 viginti
1123 1002 1258 1029 annos
1286 987 1475 1028 indutiae
1503 987 1641 1029 datae.

198 1046 362 1089 Eodem
396 1061 509 1088 anno
529 1045 598 1088 -M.
631 1045 854 1088 Caedicius
887 1046 937 1088 de
969 1047 1093 1100 plebe
1125 1047 1342 1088 nuntiavit
1378 1047 1562 1088 tribunis
1597 1061 1641 1088 se
1668 1058 1688 1089 6

79 1106 124 1147 in
154 1105 281 1148 Nova
313 1106 399 1158 via,
431 1106 505 1147 ubi
536 1120 651 1147 nunc
684 1106 888 1147 sacellum
923 1110 1004 1158 est,
1038 1121 1167 1160 supra
1199 1106 1347 1147 aedem
1379 1106 1538 1148 Vestae
1569 1120 1640 1148 vo-

79 1179 172 1206 cem
203 1166 343 1207 noctis
377 1165 549 1206 silentio
584 1165 752 1206 audisse
786 1165 1009 1206 clariorem
1043 1165 1242 1219 humana,
1275 1179 1382 1219 quae
1414 1166 1640 1221 magistra-

78 1225 196 1266 tibus
229 1225 312 1266 dici
337 1224 505 1266 iuberet
531 1223 678 1266 Gallos
706 1225 946 1266 adventare.
996 1224 1051 1278 id,
1083 1227 1131 1265 ut
1156 1225 1218 1277 fit,
1248 1227 1425 1278 propter
1451 1225 1640 1266 auctoris
1669 1235 1687 1265 7

79 1283 370 1325 humilitatem
403 1286 592 1338 spretum
632 1286 675 1324 et
713 1283 827 1339 quod
864 1284 1103 1338 longinqua
1142 1298 1275 1339 eoque
1313 1284 1504 1339 ignotior
1537 1298 1641 1340 gens

79 1345 182 1384 erat.
242 1357 379 1397 neque
412 1343 588 1384 deorum
620 1343 748 1385 modo
781 1343 946 1384 monita
983 1343 1208 1403 ingruente
1240 1318 1356 1384 fato&
1364 1348 1527 1397 spreta,
1569 1343 1640 1385 sed

78 1401 311 1444 humanam
343 1416 511 1468 quoque
544 1416 686 1457 opem,
726 1417 833 1457 quae
865 1417 951 1443 una
982 1405 1091 1457 erat,
1100 1389 1184 1443 M.
1218 1402 1410 1456 Furium,
1449 1403 1502 1444 ab
1538 1402 1640 1444 urbe

80 1475 288 1503 amovere.
349 1462 438 1516 qui,
471 1462 536 1503 die
569 1461 683 1503 dicta
715 1463 768 1503 ab
796 1461 841 1504 L.
867 1462 1052 1517 Apuleio
1081 1435 1259 1503 'tribuno
1293 1436 1432 1516 plebis
1464 1465 1641 1516 propter
1667 1472 1688 1504 8

78 1521 282 1575 praedam
306 1520 602 1575 Veientanam,
627 1521 718 1563 filio
746 1536 914 1576 quoque
935 1521 1206 1563 adulescente
1233 1535 1308 1575 per
1333 1521 1446 1562 idem
1472 1524 1642 1576 tempus

127 1683 232 1729 Kap.
259 1684 422 1720 32-36.
482 1685 568 1720 Das
606 1686 717 1720 Jahr
754 1689 822 1721 363

77 1731 156 1766 der
200 1731 351 1767 Stadt:
409 1732 547 1778 Krieg
590 1734 672 1767 mit
714 1732 823 1767 Vol-

79 1779 205 1822 sinii3
255 1779 586 1825 Vei-urteilung
630 1781 706 1815 des
746 1780 823 1815 Ca-

78 1825 255 1869 millus3
326 1827 687 1872 Einwanderung
748 1828 824 1862 der

80 1873 257 1909 Gallier
290 1873 403 1909 nach
430 1874 601 1909 Italien
627 1875 717 1909 und
742 1875 822 1909 Be·

78 1921 303 1967 lagerung
329 1932 413 1956 von
440 1921 648 1957 Clusium.

125 1968 187 2003 32.
216 1973 245 2004 1.
274 1969 361 2004 Kal.
383 1969 646 2015 Quinctilibus]
670 1987 714 1998 =
734 1970 822 2005 Kal.

81 2016 157 2051 Iul.
186 2015 263 2051 Seit
285 2020 328 2051 10
342 2017 479 2052 Jahren
502 2018 608 2052 hatte
624 2018 688 2052 der
701 2019 823 2052 Amts-

79 2063 212 2098 antritt
246 2074 305 2098 am
344 2069 374 2099 1.
409 2064 492 2100 Okt.
530 2065 823 2110 stattgefunden.

79 2110 187 2156 (Kap.
214 2114 246 2155 9,
273 2114 320 2155 8).

126 2159 321 2194 Lucretius
395 2159 601 2206 Sulpicius]
628 2159 714 2205 Vgl.
730 2160 823 2204 Kap.

129 2253 185 2290 M.
223 2254 419 2301 Aemilius]
464 2254 691 2290 unbekannt.
755 2254 823 2290 Die

78 2299 182 2336 Fasti
209 2301 411 2347 Capitolini
442 2313 588 2337 nennen
624 2303 718 2338 statt
743 2302 824 2338 des-

80 2347 207 2384 selben
244 2349 315 2384 den
353 2350 395 2384 L.
430 2350 626 2392 Aemilius,
666 2350 825 2384 welcher

80 2396 178 2431 nach
204 2395 332 2431 Livius
365 2401 451 2441 389,
479 2400 564 2441 387,
592 2400 660 2432 383
693 2409 726 2431 u.
755 2401 823 2433 382

81 2441 394 2480 Konsulartribun
421 2456 506 2480 war.

127 2489 174 2525 L.
203 2491 362 2538 Furius]
401 2492 485 2536 Vgl.
512 2491 604 2537 Kap.
634 2496 693 2534 14,
721 2495 752 2526 5.

131 2537 169 2573 G.
195 2539 390 2586 Aemilius]
428 2539 514 2585 Vgl.
541 2539 632 2584 Kap.
661 2543 717 2582 26,
744 2543 776 2574 2.

128 2589 162 2622 2.
188 2587 318 2634 evenit]
360 2587 444 2632 Vgl.
471 2587 563 2632 Kap.
595 2591 649 2630 12,
676 2591 706 2622 6.

129 2635 161 2669 5.
187 2634 519 2681 res...redderent]
548 2635 634 2670 Dies
655 2635 705 2669 ist
719 2637 825 2669 term.

81 2680 204 2717 techn.
230 2682 290 2717 fcit
315 2682 374 2717 die
402 2682 644 2727 Zurfickgabe
675 2682 740 2716 der
767 2681 825 2716 bei

83 2728 203 2763 einem
242 2729 402 2765 Einfalle
445 2729 552 2775 (Kap.
585 2734 648 2772 31,
685 2731 719 2774 5)
764 2741 824 2774 ge-

82 2775 239 2811 raubten
289 2777 547 2822 Gegenstande
598 2777 687 2812 oder
738 2777 825 2811 Ent-

83 2821 260 2914 ιὶὠίἰῖιιιιξ
283 2824 383 2860 eines
404 2823 586 2860 Ersatzes.
625 2827 824 2868 21,10,13

84 2880 108 2903 ιι

943 1685 1179 1731 stipendium]
1206 1684 1276 1719 wie
1302 1684 1396 1730 Kap.
1423 1688 1480 1729 27,
1511 1688 1552 1719 15
1580 1684 1639 1719 die

896 1732 1077 1768 Falisker.

945 1785 974 1815 6.
1014 1781 1056 1815 de
1088 1779 1201 1825 plebe]
1242 1797 1286 1809 =
1322 1780 1424 1814 homo
1456 1780 1498 1814 (le
1531 1780 1642 1824 plebe,

896 1827 955 1862 die
991 1826 1228 1872 Niedrigkeit
1265 1827 1328 1862 des
1366 1826 1521 1862 Mannes
1559 1828 1641 1862 her-

896 1874 1121 1910 vorhebend.

943 1922 1051 1957 Nova
1088 1921 1165 1968 via]
1203 1922 1253 1955 im
1291 1921 1538 1956 Nordwesten
1577 1921 1641 1956 des

898 1970 1003 2005 Mons
1030 1969 1234 2012 Palatinus,
1262 1969 1374 2004 sehon
1404 1973 1434 2012 1,
1455 1973 1512 2011 41,
1536 1973 1558 2003 4
1584 1980 1641 2004 er-

897 2018 1043 2052 w'ahnt:
1092 2028 1157 2061 per
1203 2018 1381 2060 fenestras
1418 2018 1459 2051 in
1496 2017 1642 2052 Novam

897 2066 994 2099 riam
1019 2076 1139 2100 versas
1160 2065 1338 2109 populum
1364 2064 1552 2109 Tanaquil
1578 2066 1639 2099 acl-

898 2114 1068 2157 loquitur.
1109 2111 1168 2147 Sie
1191 2114 1338 2146 trennte
1359 2111 1430 2146 den
1451 2123 1511 2146 arn
1531 2111 1640 2147 Fufse

897 2160 961 2195 des
984 2159 1149 2195 Palatius
1176 2159 1376 2205 liegenden
1394 2159 1551 2203 Tempel
1577 2160 1642 2195 der

898 2207 1013 2242 Vesta
1044 2218 1117 2242 von
1150 2207 1232 2242 dem
1270 2207 1348 2241 sich
1385 2218 1445 2241 am
1479 2207 1642 2251 Abhang

897 2254 1167 2290 hinziehenden
1192 2254 1291 2289 Hain
1317 2255 1382 2288 der
1407 2254 1530 2290 Vesta.

944 2302 1130 2349 sacellum]
1163 2302 1276 2337 naml.
1310 2302 1374 2337 des
1401 2302 1496 2337 Aius
1522 2302 1640 2337 Locu—

898 2351 980 2386 tius.
1020 2349 1112 2395 Kap.
1140 2354 1196 2390 50,
1224 2353 1244 2383 5
1271 2362 1306 2384 ιι.
1334 2353 1389 2393 52,
1420 2353 1473 2383 11.

946 2402 976 2432 7.
1005 2401 1045 2432 ut
1069 2398 1126 2444 fit]
1166 2396 1250 2442 Vgl.
1278 2396 1370 2442 Kap.
1397 2400 1452 2440 27,
1484 2403 1513 2431 1.
1541 2418 1583 2422 —
1612 2401 1643 2432 et

897 2445 1008 2492 quod]
1036 2463 1079 2474 =
1105 2449 1138 2480 et
1157 2448 1368 2490 propterea,
1393 2446 1498 2490 quod.

945 2496 977 2527 8.
1017 2496 1168 2538 propter
1202 2492 1395 2539 praedam]
1443 2502 1640 2537 ungenaue

898 2541 1064 2586 Angabe.
1134 2540 1239 2574 Nach
1284 2539 1431 2584 einigen
1476 2539 1642 2574 Antoren

899 2588 1007 2623 sollte
1034 2599 1073 2622 er
1099 2587 1359 2632 Gegenstfinde
1396 2597 1462 2621 aus
1489 2587 1553 2621 der
1579 2598 1639 2620 ve-

894 2634 1109 2679 jentischen
1169 2635 1282 2669 Beute
1342 2634 1640 2679 untemcfflagen,

898 2682 989 2716 nach
1026 2682 1164 2716 andern
1198 2681 1257 2715 die
1291 2682 1406 2716 Beute
1438 2681 1643 2726 ungerecht

898 2728 1050 2764 verteilt
1060 2728 1192 2764 haben.
1215 2728 1366 2764 Wieder
1379 2728 1513 2763 andere
1525 2728 1640 2763 mein-

898 2779 974 2818 ten,
1001 2787 1040 2811 er
1066 2775 1120 2811 sei
1146 2776 1351 2822 angeklagt
1370 2776 1531 2819 worden,
1556 2776 1642 2811 weil

900 2835 939 2858 er
982 2825 1061 2859 sich
1106 2824 1203 2858 beim
1246 2823 1447 2869 Triumphe
1497 2823 1642 2860 weisser

900 2871 1031 2906 Pferde
1065 2871 1215 2907 bedient
1250 2871 1347 2906 habe
1379 2882 1434 2914 (so
1461 2872 1529 2907 Dio
1555 2871 1640 2907 Cas-
