1794 3084
59 1499 101 1528 10

60 1616 99 1646 11

662 81 805 115 LIBER
833 81 909 117 VII.
960 81 1060 116 CAP.
1088 85 1143 117 26.
1406 98 1431 116 a.
1451 99 1479 116 u.
1499 98 1523 116 c.
1542 91 1604 118 405.
1623 92 1687 118 406.

130 82 185 124 58

130 191 269 233 tenuit
294 205 381 232 non
402 190 540 231 solum
563 190 650 230 ales
671 191 843 243 captam
871 189 1002 230 semel
1024 189 1180 243 sedem,
1206 189 1279 230 sed
1307 189 1687 244 quotienscumque

130 254 345 291 certamen
373 249 529 289 initum
563 251 640 302 est,
673 248 821 289 levans
855 263 899 289 se
933 248 1010 289 alis
1045 262 1092 289 os
1120 248 1352 302 oculosque
1378 247 1516 290 hostis
1542 253 1686 290 rostro

130 313 172 350 et
205 309 420 363 unguibus
455 307 636 362 appetit,
670 307 803 348 donec
835 306 1033 348 territum
1067 307 1254 362 prodigii
1285 307 1384 348 talis
1411 307 1502 348 visu
1536 307 1686 349 oculis-

131 382 212 422 que
246 367 371 408 simul
405 381 453 408 ac
487 368 629 407 mente
667 366 890 406 turbatum
923 365 1122 407 Valerius
1156 366 1397 407 obtruncat.
1452 380 1603 408 corvus
1637 380 1688 407 ex

130 430 360 480 conspectu
394 426 529 466 elatus
564 425 771 466 orientem
805 425 924 479 petit.

249 484 468 526 Hactenus
495 485 662 538 quietae
688 483 902 537 utrimque
930 483 1139 525 stationes
1166 483 1293 524 fuere.
1340 485 1570 538 postquam
1592 497 1688 537 spo-

130 544 233 585 liare
268 558 420 597 corpus
454 543 565 584 caesi
591 542 729 583 hostis
762 543 960 583 tribunus
993 543 1146 596 coepit,
1177 556 1256 583 nec
1282 541 1398 583 Galli
1425 557 1468 584 se
1502 543 1686 583 statione

128 606 359 644 tenuerunt
391 604 431 642 et
463 601 756 643 Romanorum
789 615 937 642 cursus
965 602 1016 642 ad
1043 603 1250 642 victorem
1284 602 1413 642 etiam
1447 601 1564 642 ocior
1594 600 1687 643 fuit.

128 662 188 703 ibi
215 663 325 703 eirca
352 661 532 703 iacentis
562 660 678 702 Galli
704 674 858 714 corpus
886 663 1108 702 contracto
1136 660 1370 701 certamine
1397 673 1544 714 pugna
1565 662 1687 701 atrox

129 721 378 762 concitatur.
441 720 526 760 iam
569 734 656 761 non
701 720 932 773 manipulis
979 719 1270 773 proximarum
1313 720 1570 772 stationum,
1614 718 1687 760 sed

128 780 370 834 legionibus
403 780 615 833 utrimque
655 778 798 819 effusis
837 793 904 819 res
937 779 1110 832 geritur.
1172 777 1379 819 Camillus
1419 779 1578 818 laetum
1610 777 1688 818 mi-

127 838 250 879 litem
282 838 461 879 victoria
488 837 663 891 tribuni,
696 837 857 878 laetum
884 841 973 877 tam
1000 837 1297 890 praesentibus
1325 851 1374 878 ac
1400 836 1596 878 secundis
1622 836 1687 878 dis

127 897 187 938 ire
220 898 263 938 in
297 897 507 952 proelium
540 897 674 948 iubet,
710 899 1014 950 ostentansque
1041 896 1257 950 insignem
1291 895 1439 949 spoliis
1465 895 1687 937 tribunum

128 955 263 997 ‘hunc
295 957 476 1009 imitare,
510 954 668 1007 miles‚'
703 955 847 996 aiebat
886 954 943 996 eet
975 955 1086 996 circa
1119 955 1330 996 iacentem
1362 954 1512 996 ducem
1545 957 1688 995 sterne

128 1014 351 1057 Gallorum
386 1014 614 1056 catervas.'

246 1074 300 1115 Di
332 1074 613 1127 hominesque
646 1073 708 1113 illi
735 1072 907 1113 adfuere
934 1086 1116 1126 pugnae,
1149 1072 1525 1126 depugnatumque
1556 1071 1688 1113 haud-

127 1148 341 1188 quaquam
387 1133 618 1174 certamine
665 1132 866 1186 ambiguo
913 1146 1007 1172 cum
1047 1130 1183 1172 Gallis
1230 1133 1312 1184 est,
1355 1131 1460 1172 adeo
1505 1130 1687 1172 duorum

128 1192 315 1233 militum
355 1195 572 1245 eventum,
616 1192 727 1232 inter
772 1205 876 1244 quos
916 1192 1157 1245 pugnatum
1197 1193 1307 1243 erat,
1352 1192 1534 1244 utraque
1574 1189 1687 1232 acies

127 1251 280 1292 animis
303 1254 587 1304 praeceperat.
638 1251 750 1290 inter
776 1250 951 1303 primos,
986 1264 1164 1303 quorum
1186 1263 1416 1290 concursus
1445 1249 1554 1289 alios
1575 1248 1686 1290 exci-

127 1314 257 1362 verat,
279 1314 400 1350 atrox
422 1309 629 1364 proelium
658 1309 756 1362 fuit,
791 1309 875 1349 alia
901 1308 1144 1361 multitudo,
1166 1308 1420 1362 priusquam
1446 1307 1496 1349 ad
1523 1307 1686 1349 coniec-

126 1374 218 1409 tum
239 1369 312 1408 teli
342 1370 520 1421 veniret,
552 1372 673 1422 terga
702 1368 845 1408 vertit.
895 1367 1035 1420 primo
1063 1381 1137 1420 per
1165 1366 1345 1408 Volscos
1373 1365 1686 1420 Falernumque

127 1442 281 1483 agrum
308 1427 505 1481 dissipati
526 1430 644 1480 sunt,
678 1426 775 1466 inde
797 1426 999 1480 Apuliam
1028 1440 1076 1466 ac
1103 1440 1218 1466 mare
1245 1425 1429 1466 inferum
1455 1425 1685 1478 petierunt.

247 1484 408 1528 Consul
435 1486 632 1527 contione
660 1485 866 1526 advocata
887 1485 1107 1526 laudatum
1132 1485 1354 1525 tribunum
1375 1484 1520 1525 decem
1547 1484 1686 1525 bubus

129 1559 341 1599 aureaque
363 1559 520 1586 corona
542 1544 683 1585 donat.
722 1545 813 1598 ipse
834 1544 973 1584 iussus
996 1544 1049 1584 ab
1072 1548 1221 1584 senatu
1243 1543 1401 1584 bellum
1423 1543 1686 1583 maritimum

129 1619 273 1645 curare
307 1619 401 1645 eum
435 1606 631 1658 praetore
664 1604 801 1644 iunxit
834 1606 986 1644 castra.
1037 1603 1096 1644 ibi
1129 1602 1228 1656 quia
1260 1616 1328 1643 res
1359 1602 1474 1643 trahi
1501 1601 1687 1657 segnitia

129 1721 262 1766 Huld’,
289 1722 506 1767 voi-ziiglich
525 1722 561 1756 in
585 1721 760 1764 Gebeten,
783 1720 871 1756 aber

128 1770 223 1805 auch
244 1772 346 1804 sonst
364 1781 436 1805 von
452 1769 607 1804 Gottern
627 1771 767 1813 gesagt,
789 1771 867 1803 ent-

128 1819 250 1852 weder
264 1816 503 1861 a>3'ndetiseh
518 1820 563 1860 (1,
576 1820 675 1859 16,3;
693 1820 812 1858 24,2l,
829 1820 870 1850 10

128 1869 201 1898 und
223 1868 278 1907 38,
300 1867 335 1906 8)
359 1865 446 1899 oder
465 1864 534 1898 mit
558 1875 624 1907 que
649 1865 719 1907 (22,
736 1867 790 1907 37,
809 1867 868 1906 12,

128 1915 184 1955 29,
207 1915 260 1954 11,
283 1915 342 1954 133
370 1916 425 1953 39,
448 1915 503 1953 16,
528 1913 596 1954 11).

176 1962 207 1993 5.
235 1970 272 1993 08
292 1958 494 2003 oculosque]
518 1957 599 2002 Vgl.
623 1957 716 1993 Gell.
733 1962 764 2000 9,
783 1962 868 2001 ll,7

127 2006 168 2040 in
182 2007 386 2040 adversarii
399 2017 435 2040 os
450 2012 556 2050 alque
570 2006 690 2040 oculos
701 2016 869 2049 payizare

127 2053 280 2096 incepit;
312 2052 465 2094 Quintil.
484 2057 516 2091 2,
531 2055 623 2095 4,1s
644 2053 707 2097 qui
727 2063 764 2087 os
786 2063 868 2087 oca-

128 2100 246 2144 losque
270 2100 382 2133 hostis
411 2100 513 2135 Galli
533 2103 646 2133 rostro
667 2103 772 2143 atque
798 2100 869 2134 alis

127 2147 365 2190 everberarct5
389 2147 432 2181 de
453 2147 520 2180 vir.
542 2146 594 2180 ill.
617 2150 660 2180 29
682 2148 777 2180 inter
798 2158 867 2189 pu-

126 2194 314 2237 quandum
346 2205 411 2227 ora
445 2194 633 2237 oculosque
667 2193 767 2227 Galli
792 2204 867 2227 ver-

127 2241 274 2275 beravit.
326 2240 434 2274 Diese
461 2239 752 2274 allitteriereude
780 2240 867 2274 Ver-

126 2287 295 2331 bindung
327 2288 442 2321 findet
474 2287 552 2321 sich
586 2287 681 2320 auch
720 2286 775 2321 oft
807 2286 868 2321 bei

128 2333 254 2368 Cicero
294 2335 366 2367 und
401 2335 540 2368 andern
572 2335 737 2368 Antoren
777 2335 866 2378 (vgl.

127 2381 203 2415 Liv.
227 2386 258 2424 6,
282 2385 335 2424 17,
357 2384 376 2413 8
398 2380 473 2415 und
493 2384 550 2423 44,
572 2384 627 2422 38,
649 2384 668 2415 9
691 2392 748 2415 ore
763 2385 868 2425 atque

126 2429 258 2470 oculis;
285 2432 316 2471 5,
338 2432 394 2469 42,
414 2432 451 2469 43
480 2432 534 2471 22,
556 2430 586 2470 5,
608 2431 630 2461 4
651 2427 725 2462 und
745 2432 798 2469 14,
820 2430 865 2471 8).

174 2476 359 2521 orientem]
387 2486 459 2509 von
486 2486 540 2509 wo
574 2486 613 2509 er
644 2475 867 2519 gekommen

126 2534 202 2557 war
222 2523 282 2567 (de
303 2522 369 2556 vir.
391 2523 444 2556 ill.
466 2523 537 2566 29).
576 2522 649 2555 Der
668 2522 771 2556 Rabe
786 2523 867 2566 galt

126 2570 185 2603 fiir
210 2568 570 2614 gluckverheissend,
599 2579 706 2603 wenn
732 2580 770 2603 er
795 2580 867 2603 von

129 2616 244 2651 Osteu
270 2617 357 2651 kam
385 2616 483 2658 (Hor.
513 2616 576 2651 Od.
599 2620 630 2658 3,
655 2620 709 2658 27,
733 2617 801 2659 12).

176 2667 207 2698 6.
233 2664 402 2709 statione]
430 2663 513 2697 Abl.
548 2663 716 2697 instrum.
748 2662 809 2697 bei
834 2673 870 2697 se

127 2713 255 2754 tenere,
264 2710 331 2744 wie
344 2711 398 2745 oft
409 2711 538 2745 castris
548 2712 658 2754 (2‚45,
668 2714 686 2743 2
697 2725 704 2751 3
715 2713 746 2752 3,
756 2713 812 2754 26,
821 2713 867 2753 3).

177 2761 206 2791 7.
228 2758 368 2803 effusis]
383 2757 705 2802 herbeigestromt,
726 2757 869 2791 herbei-

126 2804 251 2846 geeilt.

175 2853 206 2884 8.
228 2852 267 2885 di
279 2851 521 2897 hominesque]
543 2850 690 2886 Ebenso
705 2853 868 2895 21,10,9.

944 1720 1018 1755 Der
1038 1719 1263 1754 Nachdruck
1284 1718 1377 1764 liegt
1402 1717 1470 1753 auf
1484 1718 1537 1760 di,
1561 1717 1686 1752 indem

945 1767 1085 1802 erklart
1112 1767 1219 1809 wird,
1254 1765 1333 1801 dass
1364 1765 1424 1800 die
1459 1765 1591 1801 Gotter
1616 1764 1687 1800 den

945 1816 1105 1850 Romern
1131 1814 1358 1849 beist-auden.
1402 1811 1487 1857 Vgl.
1514 1813 1635 1857 diique
1655 1815 1688 1847 et

942 1863 1102 1897 homines
1129 1865 1161 1905 5,
1183 1865 1239 1904 49,
1262 1864 1279 1894 1
1308 1860 1382 1894 und
1408 1863 1464 1904 51,
1485 1864 1523 1902 33
1550 1860 1608 1894 dis
1626 1860 1688 1894 lto-

942 1910 1170 1953 minibasque
1184 1912 1283 1951 5,43,
1298 1911 1336 1950 73
1358 1911 1414 1951 51,
1431 1911 1540 1949 8u.9;
1560 1909 1685 1951 52,17.

991 1957 1096 2001 adeo]
1125 1955 1208 2000 Vgl.
1234 1954 1327 2000 Kap.
1351 1959 1382 1997 7,
1404 1959 1436 1989 2.

990 2004 1125 2039 animis
1160 2002 1409 2048 praeceperat]
1455 2001 1516 2036 Sie
1554 2001 1687 2037 hatten

943 2050 1021 2086 sich
1047 2051 1099 2085 im
1120 2050 1246 2086 Geiste
1265 2062 1347 2084 zum
1369 2061 1502 2084 voraus
1528 2049 1600 2083 den
1620 2048 1685 2083 Er-

941 2098 1021 2143 folg
1047 2099 1111 2132 der
1142 2097 1280 2132 beiden
1312 2096 1468 2131 Sti-eiter
1500 2107 1545 2130 zu
1577 2096 1687 2141 eigen

942 2145 1133 2188 gemacht,
1179 2144 1213 2179 d.
1247 2145 1282 2179 h.
1329 2143 1406 2179 sich
1450 2154 1522 2178 von
1566 2143 1686 2178 ihrem

941 2192 1101 2236 Kampfe
1123 2191 1193 2226 den
1213 2190 1387 2236 gleichen
1407 2191 1586 2235 Ausgang
1607 2202 1685 2225 ver-

942 2241 1143 2284 sprochen,
1172 2240 1339 2273 welchen
1366 2238 1430 2272 der
1457 2236 1689 2282 chikampf

941 2287 1000 2320 fiir
1021 2286 1108 2331 jede
1135 2285 1258 2320 Partei
1284 2285 1427 2330 gebabt
1451 2284 1568 2320 hatte.

989 2337 1020 2369 9.
1047 2334 1256 2378 multitado]
1285 2332 1363 2368 scil.
1385 2332 1588 2375 Gallorum,
1614 2331 1684 2367 wie

941 2380 1006 2415 der
1034 2381 1356 2424 Zusammenhang
1382 2379 1538 2424 ergiebt.

988 2428 1066 2473 teli]
1094 2426 1320 2462 kollektiver
1347 2427 1538 2471 Singulat,
1564 2426 1684 2470 regel-

940 2474 1077 2519 massig
1087 2476 1125 2508 in
1137 2475 1201 2509 der
1208 2474 1416 2509 Redensart
1427 2474 1475 2508 ad
1487 2474 1684 2508 coniectum

940 2523 1001 2556 teli
1018 2523 1147 2565 venire,
1168 2521 1234 2556 auf
1248 2519 1492 2556 Scbussweite
1508 2519 1684 2555 kommen

941 2573 987 2612 (2,
1009 2573 1065 2611 31,
1088 2573 1125 2611 6;
1152 2573 1208 2612 26,
1229 2573 1262 2613 4,
1285 2572 1319 2609 7;
1349 2569 1573 2611 28,14,19).

989 2616 1167 2660 Apuliam
1182 2643 1189 2650 .
1206 2643 1213 2649 .
1230 2643 1237 2650 .
1251 2614 1451 2660 petierunt]
1477 2614 1602 2649 inclem
1629 2612 1683 2649 sie

943 2663 1058 2697 dui-ch
1086 2662 1275 2696 Samnium
1302 2672 1430 2706 zogen.

988 2709 1174 2755 superum]
1191 2726 1235 2738 =
1250 2710 1494 2744 Adriaticum.
1540 2707 1683 2752 Gegen·

944 2758 1037 2790 satz:
1058 2768 1156 2791 mare
1168 2759 1327 2798 inferum
1341 2756 1428 2790 oder
1445 2755 1682 2799 Tyrrhenum.

992 2807 1045 2839 10.
1073 2803 1214 2848 curare]
1245 2802 1413 2844 ‘leiten’,
1441 2803 1509 2836 wie
1529 2806 1562 2846 4,
1583 2805 1639 2845 45,
1663 2804 1682 2836 ’1

941 2861 1039 2885 umus
1062 2861 1118 2885 res
1143 2850 1279 2885 Romae
1304 2851 1456 2885 curaret.
