1794 3084
94 107 120 126 8.
143 99 210 126 Chr.
231 107 259 125 n.
279 100 340 125 403.

662 88 806 123 LIBER
832 88 876 124 V.
921 87 1022 123 CAP.
1050 92 1081 123 5.
1632 88 1657 129 9

213 196 321 239 Cum
358 196 426 238 his
466 197 654 238 molliter
686 199 728 238 et
765 211 841 252 per
873 196 1105 238 dilationes
1138 195 1300 237 bellum
1334 195 1424 251 geri
1457 195 1699 250 oportet?5

94 257 130 299 si
167 270 247 298 nos
285 260 376 298 tam
415 256 576 297 iustum
615 256 759 297 odium
798 255 907 297 nihil
945 257 1106 308 movet,
1143 269 1197 297 ne
1236 255 1311 296 illa
1350 254 1538 309 quidem,
1582 269 1657 297 oro

93 329 182 370 vos,
213 314 422 357 movent?
473 315 674 369 operibus
706 314 956 369 ingentibus
985 317 1134 368 saepta
1159 314 1262 355 urbs
1294 317 1371 368 est,
1405 314 1560 368 quibus
1593 314 1656 354 in-
1684 331 1692 338 ·

93 377 162 416 tra
193 388 339 416 muros
372 376 591 415 coercetur
623 373 779 427 hostis;
819 387 970 428 agrum
1007 388 1094 415 non
1133 373 1285 427 coluit,
1324 375 1367 414 et
1405 373 1523 414 culta
1561 386 1657 414 eva-

95 435 211 475 stata
236 435 337 474 sunt
362 432 493 485 11811ος
527 432 563 473 si
593 432 836 473 reducimus
870 432 1114 486 exercitum,
1147 433 1243 487 quis
1277 434 1354 485 est,
1387 432 1460 486 qui
1493 431 1660 473 dubitet
1686 441 1705 472 3

93 492 193 534 illos
224 506 313 534 non
345 507 369 533 a
401 491 635 545 cupiditate
669 491 809 532 solum
842 491 1090 543 ulciscendi,
1129 491 1201 532 secl
1235 491 1363 532 etiam
1400 491 1658 532 necessitate

94 551 299 605 imposita
331 565 381 592 ex
413 550 554 592 alieno
587 549 840 603 praedandi,
881 564 978 591 cum
1011 564 1088 590 sua
1122 550 1363 603 amiserint,
1402 563 1553 605 agrum
1584 564 1658 591 no-

94 612 231 652 strum
269 609 522 651 invasuros?
572 623 660 650 non
699 608 932 649 differimus
971 609 1104 663 igitur
1144 609 1302 650 bellum
1340 609 1426 650 isto
1467 609 1660 662 consilio,

94 669 169 711 sed
200 669 315 710 intra
346 668 453 709 fines
485 671 659 708 nostros
693 667 939 721 accipimus.
990 667 1120 722 quid?
1166 667 1290 721 illud,
1335 667 1447 722 quod
1487 669 1660 722 proprie'
1685 676 1707 707 4

94 728 148 769 ad
178 727 340 768 milites
371 726 572 781 pertinet,
605 726 759 781 quibus
793 726 896 768 boni
928 726 1092 768 tribuni
1124 726 1263 780 plebis
1297 726 1558 780 stipendium
1590 741 1658 768 ex-

92 789 293 841 torquere
325 786 568 839 voluerunt,
599 799 714 827 nunc
747 786 991 827 consultum
1018 788 1191 839 repente
1218 785 1382 839 volunt,
1412 786 1537 840 quale
1564 785 1659 827 est?

93 845 256 887 vallum
287 845 552 899 fossamque,
584 844 774 899 ingentis
806 847 1033 899 utramque
1065 858 1155 885 rem
1189 845 1350 898 operis,
1382 859 1458 898 per
1489 847 1658 886 tantum
1686 853 1706 884 5

93 904 224 960 spatii
262 904 492 958 duxerunt,
537 904 714 945 castella
752 904 891 958 primo
933 918 1090 958 pauca,
1128 907 1281 957 postea
1314 904 1500 945 exercitu
1534 906 1659 945 aucto

92 963 351 1005 creberrima
388 963 597 1016 feceru11t3
642 963 905 1004 munitiones
943 977 1030 1004 non
1062 963 1106 1003 in
1137 963 1287 1004 urbem
1321 962 1467 1017 modo,
1508 963 1581 1004 sed
1614 963 1658 1004 in

91 1021 313 1064 Etruriam
346 1022 478 1063 etiam
510 1024 768 1076 spectantes,
801 1022 837 1063 si
869 1036 952 1076 qua
983 1021 1080 1062 inde
1114 1022 1272 1063 auxilia
1303 1022 1496 1076 veniant,
1529 1036 1660 1076 oppo-

93 1095 227 1124 suere.
277 1081 378 1136 quid
417 1085 574 1134 turres,
614 1081 714 1135 quid
747 1081 895 1122 vineas
927 1080 1252 1135 testudinesque
1286 1083 1328 1122 et
1360 1081 1492 1122 alium
1525 1096 1659 1135 oppu-
1687 1089 1708 1120 6

94 1141 365 1195 gnandarum
403 1140 573 1181 urbium
613 1143 870 1194 apparatum
911 1139 1092 1194 loquar?
1143 1154 1239 1181 cum
1282 1142 1455 1181 tantum
1499 1140 1660 1181 laboris

94 1199 350 1241 exhaustum
384 1199 440 1240 sit
473 1202 514 1240 et
547 1199 600 1240 ad
633 1200 760 1240 finem
792 1200 878 1240 iam
913 1199 1054 1253 operis
1092 1199 1268 1240 tandem
1300 1201 1565 1253 perventum,
1597 1213 1660 1239 re-

91 1258 378 1313 linquendane
418 1257 525 1299 haec
566 1258 765 1311 censetis,
809 1260 857 1299 ut
897 1258 951 1299 ad
995 1260 1205 1299 aestatem
1246 1272 1394 1299 rursus
1433 1272 1569 1299 novus
1610 1257 1660 1298 de

91 1317 262 1372 integro
304 1317 370 1358 his
416 1317 690 1358 instituendis
734 1317 962 1359 exsudetur
1004 1317 1156 1358 labor?
1209 1319 1372 1372 quanto
1416 1319 1481 1358 est
1519 1317 1660 1358 minus
1689 1326 1707 1357 7

94 1390 221 1428 opera
258 1376 370 1418 tueri
407 1376 525 1417 facta
563 1379 606 1416 et
637 1376 799 1418 instare
842 1391 890 1418 ac
928 1390 1203 1431 perseverare
1242 1376 1499 1431 defungique
1532 1376 1661 1418 cura?

141 1513 179 1551 5.
207 1519 237 1550 1.
264 1514 348 1561 illa]
375 1515 451 1559 das,
478 1516 688 1561 Folgendes
711 1516 841 1561 (praef.

94 1566 132 1605 93
165 1566 198 1606 4,
225 1566 282 1606 55,
309 1566 356 1606 8).
397 1583 439 1588 -
479 1564 552 1598 Der
577 1563 725 1598 Redner
751 1564 842 1608 geht

91 1610 184 1645 fiber
226 1621 270 1644 zu
309 1610 380 1644 den
426 1609 644 1646 schlimmen
687 1610 840 1656 Folgen,

93 1656 235 1692 welche
251 1657 310 1692 die
325 1657 635 1703 Unterbrechung
658 1659 722 1693 cles
737 1658 840 1694 Krie-

95 1715 160 1749 ges
186 1704 309 1740 haben
329 1705 478 1740 miifste.
518 1705 578 1740 Sie
600 1705 683 1740 sind
703 1706 741 1740 in
761 1709 781 1749 ξ
798 1710 838 1740 11

94 1752 461 1796 zusammengefasst:
514 1753 738 1797 Zerstorung
777 1754 841 1788 der

95 1798 321 1833 errichteten
355 1798 563 1842 Schanzen,
603 1799 843 1844 Verheerung

96 1846 161 1880 des
205 1845 361 1890 eigenen
407 1846 601 1890 Gebietes,
646 1847 842 1882 Ausbruch

86 1892 197 1928 ,811188
223 1893 378 1938 Krieges
404 1893 474 1928 mit
498 1894 599 1928 allen
624 1894 840 1930 Etruskern.

144 1945 176 1975 3.
203 1941 358 1986 dubitet]
388 1940 470 1986 Vgl.
498 1953 543 1975 zu
567 1940 661 1986 Kap.
684 1945 715 1985 3,
743 1946 774 1976 4.

144 1999 167 2022 a
193 1988 411 2034 cupiditate]
451 1989 497 2024 ab
529 1988 749 2023 bezeichnet
781 1988 842 2024 bei

94 2034 222 2069 Livius
244 2035 298 2070 oft
318 2035 378 2070 die
398 2035 541 2070 {iussere
564 2036 842 2081 Veranlassung

96 2083 184 2117 oder
225 2081 296 2117 den
337 2083 612 2127 Beweggrund:
661 2083 755 2128 Kap.
787 2087 842 2127 28,

96 2133 133 2172 ⁷³
160 2133 217 2172 44,
245 2133 282 2171 6;
310 2133 366 2172 47,
395 2133 454 2171 113
482 2134 538 2172 48,
566 2135 598 2165 2.

144 2177 282 2222 alieno]
329 2177 394 2212 das
432 2177 562 2213 Neutr.
600 2178 638 2212 in
676 2177 842 2213 lokalem

96 2223 209 2259 Sinne
230 2223 526 2268 substantiviert,
548 2242 593 2254 =
609 2226 727 2261 alieno
741 2237 840 2272 αρν-ο.

143 2276 176 2307 4.
200 2273 361 2316 proprie,
387 2282 481 2316 ganz
507 2273 722 2318 eigentlich.

143 2318 291 2364 quibus]
305 2319 399 2353 auch
414 2320 484 2354 mit
494 2321 697 2355 consultum
712 2320 840 2365 (n'z'iml.

95 2368 180 2410 esse)
207 2379 252 2401 zu
277 2366 491 2401 verbinden.

146 2416 177 2448 5.
203 2413 440 2460 munitiones]
468 2414 526 2459 Vg
528 2414 550 2449 l.
572 2414 666 2459 Kap.
684 2419 714 2458 1,
737 2418 802 2449 8—-
809 2419 841 2450 9.

144 2460 308 2506 veniant]
336 2461 441 2495 nicht
463 2463 625 2497 venirent
644 2462 728 2506 (wie
750 2462 842 2506 Kap.

99 2512 138 2551 1,
164 2509 218 2553 9),
256 2507 358 2543 weil
373 2519 568 2553 opposuere
602 2508 697 2543 Perf.
723 2520 841 2554 p.raes

96 2534 146 2590 isi:
176 2555 252 2590 und
286 2555 345 2590 die
372 2555 551 2591 Etrusker
582 2568 645 2590 zur
673 2521 753 2592 Zeipt
779 2557 844 2591 der

96 2601 223 2638 Rede
213 2613 346 2637 immer
358 2603 455 2638 noch
472 2603 647 2638 kommen
667 2604 844 2638 konnten.

144 2649 356 2696 opposuere]
371 2650 522 2686 absolut
535 2651 754 2696 gebraucht,
775 2650 844 2685 wie

96 2696 190 2740 Kap.
218 2700 274 2739 34,
301 2701 339 2741 6;
376 2697 472 2733 doch
500 2697 647 2743 ergiebt
672 2698 751 2732 sich
779 2709 844 2732 aus

98 2744 183 2778 dem
205 2745 529 2790 Zusammenhang
556 2745 750 2780 leicbt’ein
771 2744 844 2779 Ob-

93 2790 179 2836 jekt
203 2792 402 2836 (hostibus).

147 2842 179 2874 6.
211 2839 302 2884 quid
328 2866 358 2874 ..
376 2865 383 2873 .
410 2838 584 2886 loquar?]
625 2839 706 2875 eine
733 2839 843 2874 Form

916 1515 982 1550 der
997 1515 1228 1552 Praeteritio.
1245 1537 1288 1541 —
1309 1515 1438 1550 Livius
1454 1514 1662 1559 verbindet,

915 1563 986 1598 wie
1022 1563 1082 1597 die
1115 1563 1285 1606 Dichter,
1326 1564 1452 1608 loquor
1485 1563 1662 1598 zuweilen

915 1611 1023 1656 (Kap.
1052 1615 1108 1653 54,
1136 1615 1175 1654 5;
1215 1616 1253 1653 3,
1283 1614 1343 1654 11,
1373 1612 1431 1654 12)
1470 1610 1540 1645 mit
1577 1611 1663 1645 dem

914 1658 1044 1693 Aecus.
1068 1660 1168 1693 einer
1196 1657 1314 1693 Saehe
1341 1660 1434 1693 statt
1462 1657 1547 1703 (wie
1567 1658 1660 1703 Kap.

915 1710 971 1748 52,
999 1708 1034 1750 7)
1062 1704 1131 1740 mit
1157 1707 1208 1741 de.

961 1752 1174 1798 testudines]
1190 1752 1506 1787 ‘Schirmdacher'
1515 1751 1575 1786 fiir
1585 1752 1662 1788 die-

913 1798 1076 1845 jenigen,
1111 1801 1252 1834 welche
1279 1799 1350 1834 den
1375 1799 1663 1834 Manerbrecher

915 1858 1037 1892 gegen
1061 1846 1119 1882 die
1144 1846 1274 1882 Mauer
1303 1847 1612 1882 heranbrachten.

962 1894 1018 1939 ut]
1039 1893 1109 1928 Die
1124 1893 1424 1929 unzweifelhafte
1439 1894 1503 1928 Fol
1509 1904 1555 1938 ge
1570 1893 1661 1929 wird

915 1940 1076 1976 ironisch
1104 1940 1158 1975 als
1183 1940 1344 1976 Absicht
1369 1941 1611 1986 angekni’ipft.

962 1999 1092 2024 rursus
1128 1999 1243 2024 novus
1281 1989 1324 2023 de
1361 1988 1517 2034 integro]
1556 1989 1662 2023 Pleo-

914 2047 1063 2070 nasmus
1084 2035 1160 2070 und
1176 2035 1410 2080 Steigerung,
1430 2035 1556 2070 indem
1577 2047 1660 2071 rm·-

916 2094 978 2118 sus
1004 2094 1072 2117 nur
1098 2083 1157 2118 die
1183 2083 1479 2127 Wiederholung
1505 2083 1570 2119 der
1594 2082 1660 2117 Ar-

916 2130 995 2165 beit
1015 2131 1243 2174 bezeichnet,
1263 2131 1306 2166 de
1322 2131 1462 2175 integro
1483 2131 1572 2165 aber
1585 2130 1662 2165 bei-

916 2177 1021 2223 ftigt,
1059 2177 1140 2213 dass
1177 2178 1228 2213 sie
1265 2177 1403 2212 wieder
1441 2189 1512 2213 von
1548 2188 1662 2212 vorne

916 2225 1088 2270 beginne.
1149 2225 1218 2260 Die
1255 2225 1532 2270 pleonastische
1572 2225 1661 2260 Ver-

915 2271 1085 2317 bindung
1104 2283 1219 2307 ‘novus
1232 2273 1275 2307 cle
1288 2274 1427 2317 integro
1447 2272 1564 2307 findet
1583 2272 1661 2307 sich

915 2319 1093 2354 zuweilen
1129 2322 1201 2364 (22,
1229 2324 1260 2363 5,
1289 2324 1325 2363 73
1359 2323 1421 2363 24,
1451 2324 1505 2363 16,
1534 2324 1571 2362 23
1605 2323 1663 2363 30,

916 2370 972 2410 34,
1001 2371 1063 2410 123
1091 2372 1147 2409 37,
1176 2371 1230 2409 19,
1257 2369 1304 2411 5).

962 2414 1172 2460 exsudetur]
1207 2431 1252 2442 =
1284 2425 1364 2449 cum
1395 2415 1508 2449 multo
1532 2415 1664 2449 sudore

917 2462 1170 2503 exhauriatur,
1197 2465 1440 2497 consumatur.

966 2513 996 2544 7.
1023 2509 1162 2555 minus]
1190 2526 1233 2538 =
1260 2510 1379 2544 minor
1404 2509 1516 2544 labor.

964 2559 997 2591 et
1023 2585 1030 2592 .
1052 2585 1059 2592 .
1083 2584 1089 2591 .
1118 2567 1161 2591 ac
1188 2584 1194 2591 .
1217 2583 1224 2591 .
1248 2583 1254 2591 .

917 2602 1201 2648 Hauptglieder,
1221 2604 1362 2638 welche
1382 2602 1567 2648 ungefahr
1581 2602 1662 2638 das-

917 2650 1018 2685 selbe
1040 2661 1164 2695 sagen,
1180 2651 1263 2685 sind
1283 2650 1354 2685 mit
1372 2661 1416 2685 ac
1435 2649 1662 2685 verbunden.

916 2697 1027 2732 Jedes
1059 2698 1126 2732 hat
1151 2697 1290 2732 wieder
1320 2697 1410 2732 zwei
1443 2696 1564 2732 Teile:
1603 2697 1663 2732 die

918 2743 1109 2779 Schanzen
1117 2744 1332 2789 behaupten
1342 2744 1416 2778 und
1426 2743 1662 2789 vordringen,

918 2809 962 2820 =
989 2791 1192 2827 ausharren
1224 2791 1297 2826 und
1324 2791 1384 2826 die
1413 2791 1528 2837 Sorge
1555 2792 1662 2827 been-

917 2839 1038 2884 digen.

1287 2556 1368 2602 que]
1420 2555 1489 2590 Die
1529 2554 1664 2590 beiden
