1794 3084
187 78 241 120 63
696 78 839 113 LIBER
864 78 925 113 VI.
970 78 1071 114 CAP.
1093 83 1148 115 32.
1177 83 1231 115 33.
1559 91 1741 116 a.u.c.3⁷7.

187 201 281 228 cum
303 185 525 239 Satricum,
559 185 671 240 quod
701 185 782 226 duo
804 186 923 227 milia
948 186 1046 227 inde
1067 187 1226 239 aberat,
1258 200 1343 228 non
1370 190 1512 229 castra
1537 190 1744 244 peterent,

188 246 241 287 ab
275 246 414 300 equite
447 246 630 286 maxime
664 245 795 298 caesi3
841 247 982 286 castra
1015 248 1142 299 capta
1173 245 1431 301 direptaque.

118 315 160 345 10
306 304 373 345 Ab
396 303 561 345 Satrico
594 305 739 356 nocte,
773 317 879 357 quae
912 303 1076 358 proelio
1107 304 1304 358 proxima
1329 304 1429 359 fuit,
1459 303 1588 359 fugae
1615 305 1746 346 simili

188 364 358 418 agmine
384 365 537 417 petunt
556 360 755 414 Antium3
788 365 830 402 et
857 376 953 403 cum
973 362 1193 404 Romanus
1224 363 1435 404 exercitus
1460 377 1593 417 prope
1619 364 1745 405 vesti-

188 422 270 475 giis
306 424 564 475 sequeretur,
596 421 692 475 plus
725 424 871 461 tamen
904 421 1033 462 timor
1067 436 1194 476 quam
1225 421 1290 462 ira
1317 421 1549 463 celeritatis
1581 421 1746 464 habuit.

118 491 158 521 11
186 480 304 534 prius
336 480 480 534 itaque
514 480 684 521 moenia
716 479 928 521 intravere
961 479 1130 534 hostes,
1163 495 1289 534 quam
1311 479 1530 522 Romanus
1556 484 1747 522 extrema

188 539 372 593 agminis
405 553 577 592 carpere
611 541 685 579 aut
720 538 878 579 morari
904 541 1063 592 posset.
1107 539 1204 580 inde
1231 539 1396 593 aliquot
1421 539 1509 580 dies
1535 539 1746 582 vastando

187 610 292 651 agro
327 597 563 652 absumpti,
603 611 679 638 nec
713 597 920 638 Romanis
954 598 1058 639 satis
1091 598 1316 639 instructis
1350 600 1560 652 apparatu
1591 598 1745 640 bellico

187 656 238 696 ad
272 657 441 697 moenia
474 656 764 711 aggredienda
796 670 874 697 nec
905 656 989 697 illis
1018 657 1069 698 ad
1097 656 1365 698 subeundum
1390 670 1562 712 pugnae
1588 671 1747 700 casum.

117 715 172 756 33
307 714 468 756 Seditio
507 719 600 756 tum
638 715 751 756 inter
785 714 983 756 Antiates
1023 715 1286 770 Latinosque
1326 719 1490 769 coorta,
1536 730 1632 757 611111
1663 716 1748 758 An·

187 774 317 814 tiates
355 774 456 816 victi
502 773 625 814 malis
668 773 916 827 subactique
955 774 1088 829 bello,
1133 775 1178 815 in
1218 789 1298 826 quo
1338 776 1380 815 et
1417 774 1509 815 nati
1547 777 1670 816 erant
1706 777 1750 817 et

141 843 160 873 ‘2
189 836 518 886 consenuerant,
557 832 817 874 deditionem
851 837 1111 886 spectarent,
1152 833 1331 874 Latinos
1364 847 1413 874 ex
1446 833 1612 874 diutina
1643 847 1748 888 pace

187 905 298 932 nova
324 891 505 933 defectio
533 891 773 932 recentibus
801 891 938 933 adhuc
966 892 1120 933 animis
1141 891 1372 933 ferociores
1401 892 1454 933 ad
1473 906 1746 945 perseveran-

189 950 289 991 dum
321 951 366 991 in
398 951 512 991 bello
546 950 716 992 faceret.
770 950 864 991 finis
892 951 1137 992 certaminis
1169 951 1268 1005 fuit,
1300 953 1528 1006 postquam
1559 951 1751 1006 utrisque

190 1010 388 1063 apparuit
421 1009 529 1050 nihil
574 1023 649 1063 per
689 1009 847 1050 alteros
882 1012 1015 1060 stare,
1061 1010 1288 1064 quominus
1321 1010 1496 1064 incepta
1527 1024 1752 1064 perseque-

142 1080 161 1109 3
189 1071 347 1110 rentur.
398 1068 543 1110 Latini
564 1067 745 1121 profecti
767 1082 791 1108 a
813 1068 1018 1110 societate
1043 1069 1174 1122 pacis,
1195 1072 1243 1109 ut
1261 1068 1478 1121 rebantur,
1498 1068 1751 1110 inhonestae

191 1141 282 1168 sese
320 1127 666 1175 vindicaverunt,
712 1126 913 1168 Antiates
952 1127 1236 1168 incommodis
1284 1127 1458 1168 arbitris
1498 1127 1751 1169 salutarium

189 1186 462 1227 consiliorum
496 1186 672 1227 remotis
708 1185 858 1226 urbem
891 1199 1103 1241 agrosque
1135 1186 1341 1228 Romanis
1375 1185 1545 1227 dedunt.

141 1255 163 1285 4
306 1244 376 1286 Ira
410 1247 451 1286 et
482 1245 623 1285 rabies
652 1243 925 1297 Latinorum,
958 1245 1059 1299 quia
1090 1259 1166 1286 nec
1187 1245 1406 1286 Romanos
1438 1244 1552 1286 bello
1585 1245 1752 1286 laedere

188 1317 264 1345 1166
296 1303 480 1345 Volscos
512 1304 555 1344 in
589 1303 718 1344 armis
753 1304 937 1344 retinere
970 1307 1216 1358 potuerant,
1257 1318 1306 1345 eo
1340 1304 1498 1357 erupit,
1535 1305 1584 1344 ut
1615 1303 1748 1345 Satri-

189 1376 285 1403 cum
317 1364 484 1415 urbem,
525 1376 631 1416 quae
673 1363 989 1416 receptaculum
1029 1363 1214 1417 primum
1252 1362 1311 1403 eis
1347 1362 1548 1404 adversae
1580 1376 1750 1417 pugnae

189 1421 346 1474 fuerat,
390 1422 479 1475 igni
524 1424 866 1474 concremarent;
917 1436 995 1462 nec
1041 1421 1155 1462 aliud
1199 1423 1360 1462 tectum
1407 1421 1496 1462 eius
1541 1421 1754 1475 superfuit

190 1480 326 1534 urbis,
367 1494 464 1521 cum
504 1480 619 1520 faces
659 1480 821 1534 pariter
861 1480 992 1521 sacris
1033 1480 1307 1534 profanisque
1352 1479 1579 1533 inicerent,
1624 1494 1753 1534 quam

144 1559 163 1588 5
192 1540 342 1580 matris
374 1538 568 1580 Matutae
600 1539 823 1592 templum.
895 1539 993 1580 inde
1027 1553 1097 1580 eos
1129 1553 1206 1580 nec
1239 1552 1316 1579 sua
1346 1538 1498 1593 religio
1530 1552 1607 1580 nec
1638 1552 1752 1580 vere-

240 1623 293 1653 10.
320 1617 494 1663 vestiyiis]
525 1617 606 1651 ‘auf
629 1618 713 1652 dem
730 1617 866 1652 Fusse’.
901 1622 933 1662 9,
1055 1619 1166 1663 stare]
1198 1629 1266 1663 per
1296 1629 1350 1653 me
1379 1621 1452 1653 stat
1485 1618 1540 1652 ‘es
1574 1617 1670 1663 liegt
1705 1629 1753 1653 an

190 1669 248 1711 45,
260 1669 301 1700 16
315 1668 476 1711 peryunt
494 1665 624 1700 hostem
643 1666 803 1710 vestigiis
823 1667 934 1710 sequi.

240 1718 293 1748 11.
332 1712 494 1758 carpere]
539 1711 800 1747 militarischer
843 1712 934 1747 Aus—

191 1760 325 1803 druek‚
367 1759 635 1803 ‘beunruhigen
651 1787 659 1801 ,
698 1759 932 1794 schwachen'

192 1809 239 1852 (3,
260 1810 292 1851 5,
315 1812 350 1850 1,
377 1810 409 1850 8,
432 1809 486 1850 38,
503 1809 540 1848 6,
568 1810 600 1849 9,
622 1809 677 1850 27,
699 1809 744 1850 6).

239 1855 442 1899 apparatu]
475 1852 554 1898 vgl.
582 1853 673 1898 Kap.
696 1858 728 1897 9,
749 1858 780 1888 2.

239 1902 303 1937 33.
350 1904 379 1935 1.
419 1900 570 1946 seditio]
611 1899 810 1946 Spaltung,
861 1900 934 1935 Un-

190 1948 382 1994 einigkeit.

238 1996 396 2041 subacta]
423 1994 586 2039 geplagt‚
613 1995 779 2039 gequfflt,
806 1994 936 2028 miirbe

191 2043 375 2087 gemacht.
420 2046 476 2085 42,
497 2045 613 2085 52,10
640 2046 690 2077 tot
715 2042 857 2077 subacti
883 2044 935 2075 at-

190 2101 257 2135 que
282 2090 409 2124 durati
435 2090 545 2123 bellis.

239 2136 516 2180 consenuerant]
555 2127 849 2180 Ubeitreibung,
889 2135 938 2168 da

191 2184 250 2218 die
268 2184 447 2218 Antiaten
472 2182 542 2217 den
562 2183 676 2228 Krieg
702 2194 822 2227 gegen
842 2163 936 2216 'Rom

192 2234 268 2266 erst
301 2234 368 2265 386
401 2242 433 2264 v.
457 2229 540 2264 Chr.
577 2229 650 2274 beg
653 2241 773 2264 onnen
805 2230 936 2264 hatten

192 2278 302 2322 (Kap.
316 2281 335 2311 6
340 2278 406 2321 ,4)
432 2275 536 2311 Doeh
556 2242 700 2311 schegint
713 2277 838 2311 Livius
858 2276 938 2310 hier

191 2325 300 2359 unter
315 2324 386 2359 den
396 2323 574 2358 Antiaten
588 2323 647 2358 die
658 2323 817 2358 Volsker
831 2324 936 2357 111161·-

192 2373 311 2424 haupt
336 2383 378 2405 zu
404 2382 485 2405 vers
488 2371 600 2405 tehen
620 2372 682 2416 (vg
683 2370 697 2403 1
725 2374 744 2412 ξ
765 2375 801 2414 4;
829 2373 885 2413 32
900 2373 936 2412 4)

193 2430 226 2453 11.
242 2419 280 2453 111
298 2419 398 2453 einer
412 2394 835 2460 falschenVOrstelluiig
846 2398 937 2450 fiber

194 2466 253 2500 die
271 2466 394 2500 Dauer
416 2465 480 2499 der
495 2464 784 2509 Volskerkriege
811 2463 936 2498 befan-

194 2524 267 2558 gen
292 2525 335 2547 zu
361 2512 439 2547 scin
461 2492 935 2557 (1·81.Κ3Ῑ).2,2ο11.2,13).

242 2560 472 2604 deditionem]
498 2560 567 2594 Die
587 2525 814 2593 Antiatenu.
829 2557 936 2592 Vols-

195 2607 262 2643 ker
281 2607 474 2641 veihalten
494 2607 573 2641 sich
589 2617 662 2641 von
678 2606 804 2640 hieran
825 2604 937 2639 dreis-

196 2654 252 2699 sig
278 2655 390 2688 Jahre
415 2653 503 2699 lang
529 2653 638 2697 ruhig
665 2651 753 2698 (vgl.
770 2657 802 2695 7,
817 2655 873 2694 27,
888 2652 936 2695 5).

243 2704 274 2735 2.
303 2702 448 2736 diutina
468 2701 574 2745 paee]
604 2700 912 2746 Vg1.Kap.7,1.

243 2748 378 2793 adhue]
424 2744 600 2783 zuweilen'
636 2758 708 2782 von
748 2746 812 2781 der
849 2745 937 2780 Ver-

196 2794 433 2839 gangenheit,
461 2811 503 2823 =
530 2795 578 2829 ad
603 2795 643 2829 id
668 2798 821 2838 tempus,
847 2805 874 2827 z.
895 2791 936 2826 B.

198 2846 251 2885 10,
273 2846 328 2884 31,
353 2848 368 2876 1
396 2842 471 2876 und
498 2845 552 2885 21,
573 2845 629 2884 48,
650 2844 682 2876 4.

1008 1666 1089 1709 mir,
1121 1666 1181 1700 ich
1206 1676 1359 1709 vermag
1390 1677 1434 1700 zu
1459 1663 1632 1700 hindern’
1660 1664 1752 1700 wird

1009 1712 1222 1748 verbunden
1259 1712 1329 1746 mit
1359 1713 1549 1756 quominus
1580 1712 1628 1756 (8,
1654 1715 1688 1756 2,
1708 1715 1752 1755 2;

1009 1764 1117 1803 9‚14‚
1141 1763 1177 1801 1·
1203 1759 1417 1803 44,14,12)
1445 1758 1534 1794 oder
1557 1770 1603 1794 ne
1628 1761 1675 1803 (3,
1697 1763 1753 1803 61,

1008 1811 1046 1848 2,
1073 1811 1128 1850 45,
1150 1810 1207 1850 23,
1229 1810 1275 1850 6),
1301 1805 1362 1841 bei
1388 1805 1490 1841 einer
1514 1786 1753 1851 Verneinung²

1008 1855 1104 1889 auch
1130 1854 1199 1888 mit
1223 1865 1313 1898 quzn
1339 1850 1557 1897 (2,31,11).

1056 1905 1088 1937 3
1115 1900 1338 1946 inhonestae]
1377 1899 1463 1935 weil
1494 1911 1533 1935 er
1563 1899 1645 1935 ihre
1677 1899 1751 1934 Ab·

1009 1947 1232 1993 hangigkeit
1273 1957 1346 1982 von
1388 1947 1484 1982 Rom
1525 1947 1754 1991 festgestellt

1008 1995 1130 2030 haben
1155 1994 1291 2030 wfirde.

1055 2047 1088 2076 4.
1119 2041 1399 2087 receptaculum]
1441 2052 1470 2076 6.
1509 2051 1611 2085 gen,
1663 2040 1752 2075 ‘Zu-

1009 2089 1258 2123 ssuchtsst'atte
1274 2088 1404 2129 nach’;
1432 2087 1568 2123 ebenso
1588 2091 1621 2131 8,
1638 2091 1691 2131 19,
1709 2090 1752 2123 10

1010 2136 1271 2180 receptaculum
1295 2135 1418 2181 fuyae.

1058 2182 1337 2227 concremarent]
1366 2182 1492 2217 Dieses
1508 2181 1671 2216 Verbum
1697 2193 1752 2215 61·-

1010 2230 1092 2264 halt
1116 2228 1293 2264 zuweilen
1319 2227 1570 2273 pleonastisch
1596 2229 1668 2263 den
1683 2228 1750 2262 Zu-

1011 2278 1089 2311 satz
1120 2277 1200 2321 iynz'
1233 2279 1280 2320 (3,
1302 2280 1357 2321 53,
1378 2279 1415 2318 53
1454 2279 1486 2315 9,
1509 2279 1563 2320 12,
1584 2276 1620 2320 8)
1663 2275 1753 2310 oder

1010 2325 1248 2416 zyrifloiffittzg]
1262 2326 1322 2405 gii.
1350 2370 1384 2404 h.
1417 2369 1629 2421 matutinae.
1692 2368 1751 2403 Sie

1009 2430 1086 2453 war
1124 2417 1204 2452 eine
1248 2415 1477 2451 altitalische
1515 2415 1643 2450 Gottm
1686 2414 1750 2450 des

1010 2466 1181 2509 Morgens
1205 2464 1281 2498 und
1301 2463 1365 2497 der
1379 2462 1529 2498 Geburt.
1564 2461 1634 2496 Die
1653 2462 1752 2496 Mfit-

1010 2516 1066 2547 ter
1098 2511 1254 2546 feierten
1285 2510 1344 2544 ihr
1378 2521 1423 2544 zu
1454 2510 1578 2544 Ehren
1608 2520 1667 2544 am
1696 2511 1749 2545 11.

1009 2559 1097 2593 Juni
1123 2559 1187 2592 das
1212 2558 1301 2592 Fest
1325 2557 1390 2592 der
1413 2555 1599 2591 Matralia.

1057 2604 1241 2650 templum]
1269 2603 1451 2639 Satricum
1477 2602 1602 2638 wnrde
1628 2606 1696 2637 348
1715 2612 1750 2638 v.

1011 2652 1093 2687 Chr.
1121 2662 1194 2685 von
1220 2652 1291 2686 den
1306 2651 1485 2686 Antiaten
1509 2649 1646 2684 wieder
1671 2648 1749 2684 auf-

1009 2699 1158 2743 gcbaut,
1184 2697 1272 2732 aber
1297 2697 1409 2732 sehon
1435 2698 1530 2731 nach
1552 2697 1642 2731 zwei
1660 2696 1751 2731 Jah-

1009 2756 1076 2779 ren
1088 2756 1160 2780 von
1171 2744 1241 2778 den
1252 2743 1413 2779 Romern
1427 2742 1749 2788 niedergebrannt,

1010 2791 1149 2827 welche
1175 2791 1220 2825 ab
1246 2791 1331 2826 aede
1354 2794 1497 2826 tantum
1521 2790 1649 2825 matris
1663 2789 1750 2824 Μα-

1009 2842 1109 2874 tutae
1133 2837 1337 2873 abstinuere
1360 2838 1478 2882 iynem
1503 2840 1550 2881 (7,
1570 2837 1694 2881 2738).
