1794 3084
100 145 124 165 a.
145 137 204 164 ch.
224 145 251 163 n.
272 138 332 163 327.
639 125 783 161 LIBER
808 124 906 161 VIII.
951 124 1053 160 CAP.
1077 127 1132 159 24.
1612 122 1667 164 57

101 236 154 279 ad
182 250 306 278 aures
340 234 495 277 accidit
519 234 650 290 regis,
683 233 839 275 adiecit
865 233 1078 288 extemplo
1107 232 1298 274 animum
1323 231 1426 273 fatis
1455 231 1543 273 suis
1572 231 1668 272 sub-

102 296 301 350 stititque
329 294 497 348 dubius,
528 308 581 334 an
609 294 827 335 transiret.
871 294 965 334 tum
992 290 1195 346 Sotimus,
1222 291 1419 333 minister
1452 305 1502 332 ex
1533 290 1667 346 regiis
1698 301 1738 330 12

100 354 262 409 pueris,
295 353 397 408 quid
430 353 475 394 in
508 354 631 394 tanto
665 352 908 394 discrimine
941 351 1121 406 periculi
1154 353 1447 403 cunctaretur,
1487 350 1668 391 interro-

101 427 228 469 gans,
265 413 428 454 indicat
459 411 657 453 Lucanos
696 411 867 452 insidiis
901 424 1103 465 quaerere
1143 410 1298 453 locum.
1360 423 1467 465 quos
1500 409 1576 450 ubi
1607 423 1670 450 re-
1698 419 1740 450 13

102 473 242 528 spexit
273 487 348 514 rex
380 471 530 526 procul
570 483 701 526 grege
742 470 858 512 facto
899 470 1139 522 venientes,
1180 468 1359 524 stringit
1398 468 1591 523 gladium
1625 471 1669 509 et

105 546 182 587 per
226 531 414 573 medium
460 544 630 572 amnem
674 528 937 570 transmittit
980 543 1147 583 equum.
1212 528 1383 582 iamque
1422 528 1469 569 in
1511 527 1668 569 vadum

102 604 324 646 egressum
357 590 521 632 eminus
553 591 703 630 veruto
736 587 933 629 Lucanus
961 587 1058 628 exul
1085 588 1317 642 transfigit.
1369 588 1538 641 lapsum
1571 586 1669 628 inde
1698 596 1742 626 14

103 664 200 692 cum
232 650 481 692 inhaerente
513 648 600 690 telo
634 662 788 702 corpus
823 647 1019 688 exanime
1053 646 1209 687 detulit
1241 646 1378 688 amnis
1406 647 1449 687 in
1475 646 1670 687 hostium

101 709 327 764 praesidia.
359 708 421 750 ibi
452 707 581 749 foeda
611 707 820 748 laceratio
854 705 1046 760 corporis
1079 705 1207 747 facta.
1258 720 1444 760 namque
1475 705 1670 759 praeciso

102 769 243 810 medio
275 770 445 824 partem
477 765 757 808 Consentiam
790 765 963 819 misere,
1001 779 1104 820 pars
1137 764 1244 819 ipsis
1277 767 1447 806 retenta
1479 764 1532 805 ad
1563 764 1671 805 ludi-

101 827 256 870 brium.
312 841 419 882 quae
453 841 549 868 cum
581 825 732 867 iaculis
766 825 965 878 saxisque
998 824 1149 878 procul
1181 823 1483 878 incesseretur,
1515 823 1670 864 mulier
1701 832 1742 864 15

102 901 189 928 una
214 887 330 928 ultra
361 886 649 927 humanarum
682 885 844 926 irarum
876 883 1006 925 fidem
1039 883 1248 925 saevienti
1279 882 1432 924 turbae
1464 882 1673 937 immixta,

105 948 153 988 ut
184 960 417 1000 parumper
450 945 728 998 sustinerent,
759 946 948 998 precata,
979 943 1087 984 flens
1121 942 1182 983 ait
1206 942 1346 984 virum
1380 942 1462 983 sibi
1495 942 1673 983 liberos-

103 1019 184 1060 que
217 1007 368 1060 captos
404 1004 517 1059 apud
549 1003 696 1045 hostes
730 1017 841 1056 esse3
882 1016 1055 1056 sperare
1090 1016 1268 1056 corpore
1295 1001 1419 1056 regio
1446 1003 1675 1055 utcumque

109 1065 301 1106 mulcato
336 1078 379 1105 se
414 1078 514 1105 suos
546 1063 877 1116 redempturam.
927 1061 964 1103 is
996 1060 1094 1102 finis
1127 1060 1380 1102 lacerationi
1406 1059 1500 1114 fuit,
1534 1060 1675 1114 sepul·
1703 1070 1746 1102 16

104 1127 282 1178 tumque
315 1121 574 1164 Consentiae
607 1121 721 1176 quod
753 1121 1045 1162 membrorum
1077 1120 1290 1175 reliquum
1328 1118 1413 1161 fuit
1454 1134 1555 1161 cura
1587 1134 1676 1160 mu-

103 1182 222 1224 lieris
266 1182 415 1236 unius,
466 1196 649 1236 ossaque
694 1179 996 1234 Metapontum
1043 1179 1095 1221 ad
1140 1179 1289 1221 hostes
1335 1179 1533 1232 remissa,
1579 1177 1676 1219 inde
1705 1188 1747 1221 17

100 1241 284 1297 Epirum
318 1241 495 1283 devecta
534 1241 588 1282 ad
627 1239 903 1294 Cleopatram
935 1253 1113 1281 uxorem
1147 1252 1425 1293 sororemque
1459 1236 1677 1292 Olympia-

103 1301 212 1352 dem,
246 1315 429 1355 quarum
464 1302 603 1341 mater
634 1299 784 1354 magni
816 1298 1056 1340 Alexandri
1085 1297 1236 1351 altera,
1270 1312 1392 1339 soror
1421 1299 1557 1339 altera
1583 1297 1676 1338 fuit.

222 1359 342 1401 Haec
368 1359 418 1401 de
444 1358 678 1400 Alexandri
703 1357 929 1412 Epirensis
956 1358 1074 1399 tristi
1102 1360 1271 1412 eventu,
1304 1371 1564 1412 quamquam
1591 1356 1675 1398 Ro·
1706 1366 1748 1398 18

104 1433 233 1461 mano
267 1419 384 1460 bello
419 1418 592 1460 fortuna
625 1432 722 1459 eum
756 1417 982 1472 abstinuit,
1013 1420 1174 1472 tamen,
1207 1417 1308 1471 quia
1338 1416 1384 1458 in
1410 1415 1537 1457 Italia
1564 1416 1679 1457 bella

108 1479 255 1535 gessit,
286 1478 433 1533 paucis
467 1477 625 1519 dixisse
658 1477 765 1519 satis
799 1477 867 1520 sit.

975 1631 1030 1662 14.
1052 1626 1242 1672 praeciso]
1257 1625 1497 1670 Andeutung,
1516 1624 1597 1660 dass
1612 1625 1678 1660 der

925 1675 1082 1710 vordere
1110 1674 1191 1708 Teil
1218 1672 1507 1718 abgeschnitten
1535 1673 1672 1707 wurde.

974 1728 1107 1773 medio]
1131 1737 1181 1762 sc.
1196 1737 1354 1771 corpore.
1381 1724 1457 1760 Der
1471 1724 1675 1760 Leichnam

925 1776 1052 1810 wurde
1077 1775 1116 1809 in
1137 1774 1202 1808 der
1225 1774 1334 1809 Mitte
1356 1773 1674 1808 durchschnitten.

975 1827 1082 1874 ipsis]
1111 1845 1154 1857 =
1182 1828 1227 1863 ab
1254 1828 1358 1872 ipsis.
1385 1826 1470 1872 Vgl.
1486 1827 1579 1872 Kap.
1597 1830 1627 1870 6,
1641 1831 1672 1862 3.

977 1886 1030 1917 15.
1047 1882 1165 1917 ultra.
1182 1910 1188 1916 .
1206 1881 1344 1926 fldem]
1360 1880 1452 1915 fiber
1466 1879 1525 1915 die
1536 1879 1674 1915 Glaub-

926 1928 1095 1971 lichkeit‚
1124 1928 1189 1963 das
1217 1928 1325 1963 Mass.

973 1982 1209 2028 sustinerent]
1218 1979 1671 2023 intransitiv,‘einhalten,

930 2030 1017 2064 inne
1044 2029 1203 2064 halten’.

978 2086 1033 2118 16.
1059 2082 1256 2128 sepultum]
1277 2082 1473 2123 bestattet,
1495 2081 1529 2116 d.
1546 2082 1580 2115 h.
1597 2092 1675 2115 ver-

927 2130 1080 2174 brannt,
1133 2129 1204 2165 wie
1255 2129 1320 2164 das
1376 2128 1552 2174 folgende
1597 2139 1678 2164 ossa

928 2177 1038 2222 zeigt.

105 1630 262 1666 Unheils
276 1630 352 1665 und
366 1629 601 1665 Vei-derbeus
615 1628 850 1663 aufzufassen

104 1677 543 1723 (‘Schmerzensstr0m’).

154 1730 208 1761 12.
236 1736 280 1759 ex
316 1725 428 1770 reyiis
466 1723 620 1769 pueris]
666 1734 740 1758 von
780 1721 852 1756 den

106 1772 370 1815 Edelknaben,
407 1772 472 1806 der
510 1770 749 1815 Nobelgarde
787 1769 852 1804 des

105 1820 257 1864 Konigs.
308 1818 357 1853 Es
384 1829 509 1853 waren
537 1819 654 1863 junge
680 1816 852 1861 Adelige,

106 1867 249 1902 welche
276 1866 336 1900 die
356 1866 495 1901 Person
521 1866 586 1900 des
607 1864 747 1908 Konigs
776 1876 852 1898 um-

107 1913 242 1960 gaben‚
263 1913 388 1948 indem
403 1924 478 1948 von
493 1913 563 1947 den
578 1912 757 1957 Epiroten
772 1911 854 1946 das-

109 1962 211 1996 selbe
245 1961 335 2006 gilt,
368 1972 445 1994 was
471 1959 535 2005 45,
564 1963 601 2002 6,
630 1962 648 1993 7
676 1970 748 1994 von
781 1958 854 1992 den

105 2008 369 2044 Macedoniern
390 2012 522 2053 gesagt
540 2006 650 2041 wird:
674 2006 783 2051 pueri
800 2017 854 2041 re·

104 2058 159 2103 yii
209 2057 311 2100 apud
360 2055 586 2090 Macedonas
627 2054 855 2089 vocabantur

102 2105 320 2149 principum
370 2104 475 2138 liberi
520 2102 568 2136 acl
611 2101 853 2136 ministerium

107 2152 208 2187 electi
234 2152 337 2196 reyz's.

155 2200 198 2234 in
223 2202 326 2234 tanto
357 2197 570 2233 discrimine
590 2196 772 2241 periculi]
802 2194 855 2229 ‘in

109 2246 212 2281 einer
238 2246 389 2281 solchen
423 2243 658 2288 Bedrangnis
693 2244 758 2277 der
785 2242 854 2277 Ge-

109 2292 222 2328 fahr’.
262 2293 348 2337 Vgl.
369 2292 407 2339 6,
431 2296 485 2336 17,
509 2296 525 2325 1
555 2293 595 2326 in
622 2291 702 2335 ipso
727 2290 857 2325 cliscri-

109 2342 205 2376 mine
242 2340 413 2385 periculi.
481 2339 548 2373 Die
587 2337 738 2373 Worter
785 2337 856 2372 clis-

109 2389 244 2424 crimen
275 2387 351 2421 und
376 2387 584 2431 periculum
622 2384 770 2419 werden
802 2384 859 2419 oft

977 2226 1025 2260 acl
1050 2224 1180 2271 hostes]
1222 2236 1265 2258 zu
1311 2223 1384 2259 den
1427 2223 1569 2257 Leuten
1613 2222 1678 2256 des

930 2272 1152 2307 Alexander.
1206 2272 1272 2306 Die
1309 2272 1504 2316 Truppen,
1537 2269 1677 2304 welche

933 2331 971 2355 er
993 2321 1062 2354 mit
1081 2319 1160 2354 sich
1179 2319 1275 2353 nach
1291 2317 1479 2353 Pandosia
1496 2316 1679 2362 gebracht

931 2367 1036 2402 hatte
1063 2368 1097 2411 (ξ
1113 2367 1161 2411 5),
1188 2377 1312 2401 waren
1339 2365 1439 2401 wohl
1470 2365 1679 2409 insgesamt

110 2435 164 2470 als
203 2434 418 2479 Synonyma
462 2433 579 2468 durch
612 2437 662 2476 et,
697 2443 758 2475 ac,
793 2442 860 2476 que

109 2481 337 2518 verbunden.

163 2534 216 2565 13.
268 2528 447 2574 respexit]
499 2527 538 2561 in
589 2526 858 2561 dichterischer

110 2577 237 2612 Weise
263 2577 333 2611 mit
351 2575 437 2610 Acc.
459 2585 488 2609 c.
510 2575 609 2609 Part.
631 2573 857 2609 verbunden.

110 2624 196 2669 Vgl.
217 2623 330 2669 Verg.
350 2623 441 2657 Aen.
462 2621 506 2665 V,
531 2625 596 2656 168
623 2632 698 2657 ecee
725 2621 857 2656 Cloan-

113 2672 214 2707 thum
240 2671 387 2716 respicit
413 2671 608 2705 instantem
634 2672 743 2713 terqo.

114 2766 136 2800 d
159 2730 263 2800 quipe
290 2718 413 2783 sacto]
457 2714 855 2798 HiJillifflriSCherZAus3

149 2779 155 2785 ·
415 2775 475 2798 esc
545 2775 626 2798 ssen
652 2775 688 2797 m
762 2775 782 2797 u

113 2777 216 2858 (ἐέιῖ.
240 2776 412 2854 minag,
432 2814 480 2855 2).
520 2775 540 2799 ⁰
631 2774 648 2798 ‘³
786 2773 832 2808 “³0

161 2860 379 2942 {nqudumg
401 2870 449 2941 {dn
469 2858 550 2894 eine
573 2857 712 2893 seichte
729 2856 858 2901 Stelle,

114 2919 162 2943 au
219 2919 256 2943 es
277 2918 323 2942 en
380 2918 400 2942 0
431 2918 486 2941 en.

935 2413 1238 2459 niedergehauen
1265 2413 1427 2448 worden.

984 2471 1036 2502 17.
1058 2467 1237 2513 Epirmn]
1249 2467 1343 2501 =in
1356 2465 1530 2510 Epirum.
1557 2463 1677 2498 Eben-

934 2525 974 2550 so
1001 2514 1103 2550 steht
1136 2515 1201 2549 der
1227 2517 1356 2549 Aecus.
1385 2513 1486 2547 eines
1520 2511 1677 2546 Kiisten-

933 2561 1062 2597 landes
1088 2562 1184 2597 ohne
1205 2562 1246 2596 in
1266 2560 1428 2607 31‚43‚5
1444 2560 1678 2605 (Acqyptum)

933 2610 1007 2644 und
1033 2609 1097 2656 36,
1113 2613 1170 2651 42,
1186 2613 1207 2643 4
1229 2608 1556 2653 (Peloponnesum).
1591 2604 1676 2649 Vgl.

933 2656 1023 2691 Sall.
1044 2656 1128 2701 Jug.
1150 2659 1207 2700 28,
1222 2661 1241 2691 6
1263 2656 1418 2700 legiones
1440 2664 1506 2698 per
1522 2653 1679 2687 Italiam

931 2704 1087 2749 Reyium
1115 2707 1222 2749 atque
1247 2703 1332 2737 inde
1358 2702 1545 2744 Siciliam,
1565 2710 1679 2744 porro

930 2762 974 2786 ex
1005 2751 1138 2786 Sicilia
1172 2752 1212 2785 in
1237 2750 1409 2792 Africam
1441 2750 1679 2783 transvectae.

977 2805 1120 2850 mayni]
1147 2802 1233 2848 Vgl.
1260 2802 1355 2846 Καρ.
1383 2806 1414 2844 3,
1438 2805 1468 2835 7.

981 2861 1035 2892 18.
1058 2856 1208 2903 paucis]
1241 2855 1391 2899 haufige
1418 2853 1559 2898 Ellipse
1586 2854 1680 2888 statt

931 2906 1065 2949 paucis
1090 2905 1217 2940 verbis.
