1794 3084
104 76 130 95 a.
151 69 201 95 Ch.
222 77 250 94 n.
271 70 333 96 343.

105 183 187 224 que
229 170 384 224 agunt,
434 167 612 210 Decium
656 168 700 210 in
745 170 910 211 caelum
954 169 1108 211 ferunt.

611 58 756 94 LIBER
781 59 861 94 VH.
913 59 1015 95 CAP.
1043 62 1098 95 36.
1127 63 1183 95 37.
1617 61 1670 103 79

1176 168 1246 211 hic
1290 168 1394 212 Deci
1439 171 1670 213 castrensis
1697 183 1717 214 8

103 228 351 283 triumphus
382 226 466 269 fuit
497 228 731 270 incedentis
763 243 840 284 per
872 229 1013 270 media
1045 232 1188 271 castra
1220 244 1316 271 cum
1349 232 1517 272 armato
1550 245 1669 284 prae-

105 287 214 329 sidio
241 287 444 330 coniectis
471 287 515 328 in
536 302 633 328 eum
661 289 853 330 omnium
880 288 1016 330 oculis
1043 293 1085 330 ct
1112 288 1231 330 omni
1257 288 1421 331 honore
1447 290 1669 331 tribunum

104 347 272 389 consuli
304 347 600 402 aequantibus.

222 405 310 449 Ubi
329 407 383 447 ad
403 405 667 460 praetorium
682 408 858 447 ventum
880 408 956 458 est,
977 407 1125 449 consul
1146 408 1327 449 classico
1349 408 1402 449 ad
1423 408 1668 450 contionem
1697 421 1717 452 9

103 470 315 509 convocat
353 479 559 519 orsusque
598 465 776 507 meritas
809 465 914 508 Deci
952 466 1102 508 laudes
1136 467 1371 509 interfante
1409 467 1504 522 ipso
1537 467 1670 510 Decio

103 525 273 567 distulit
299 525 559 580 contionem,
591 524 664 580 qui
690 528 841 567 auctor
866 526 1013 567 omnia
1038 526 1342 582 posthabendi,
1374 527 1474 568 dum
1502 528 1668 569 occasio
1698 540 1742 572 10

101 585 148 626 in
181 585 380 627 manibus
419 587 550 639 esset,
587 584 776 639 perpulit
815 585 1054 639 consulem,
1100 587 1147 626 ut
1185 585 1334 627 hostes
1373 589 1416 628 et
1459 590 1668 629 nocturno

96 659 256 699 pavore
303 645 514 686 attonitos
560 646 603 686 et
653 644 765 686 circa
810 644 964 686 collem
1009 645 1275 686 castellatim
1319 646 1552 701 dissipatos
1597 648 1669 688 ad-

97 704 365 759 grederetur:
392 704 561 745 credere
589 703 720 746 etiam
747 703 913 759 aliquos
941 704 994 745 ad
1022 719 1066 746 se
1094 704 1357 760 sequendum
1385 707 1566 748 emissos
1595 722 1670 761 per

98 765 257 805 saltum
279 764 440 817 vagari.
491 764 633 805 iussae
654 763 848 819 legiones
876 778 996 805 arma
1018 778 1169 819 capere
1191 778 1473 820 egressaeque
1501 767 1668 819 castris,

97 837 194 865 cum
226 838 302 878 per
335 823 628 878 exploratores
661 823 806 864 notior
843 823 928 864 iam
970 824 1106 865 saltus
1149 827 1280 875 esset,
1319 824 1388 865 via
1427 826 1668 879 patentiore

97 883 150 924 ad
183 883 353 924 hostem
386 883 616 938 ducuntur3
650 897 775 937 quem
808 882 1028 924 incautum
1061 883 1298 937 improviso
1333 884 1529 939 adortae,
1572 900 1666 926 cum

95 943 231 997 palati
262 942 427 998 passim
461 941 720 984 Samnitium
753 942 935 993 milites,
977 942 1169 998 plerique
1201 943 1406 998 inermes,
1443 958 1522 986 nec
1555 945 1668 986 coire

95 1002 142 1043 in
167 1017 302 1043 unum
328 1017 405 1044 nec
433 1016 551 1043 arma
572 1016 723 1056 capere
746 1016 825 1043 nec
850 1002 1040 1056 recipere
1073 1003 1189 1044 intra
1214 1003 1378 1044 vallum
1406 1017 1451 1044 se
1476 1008 1668 1058 possent,

94 1063 323 1117 paventem
362 1061 551 1116 primum
589 1062 633 1103 in
678 1065 820 1103 castra
865 1062 1147 1116 compellunt,
1192 1062 1342 1104 deinde
1387 1066 1532 1105 castra
1574 1064 1669 1119 ipsa

95 1121 286 1162 turbatis
332 1121 597 1162 stationibus
645 1121 831 1175 capiunt.
889 1120 1107 1176 perfertur
1151 1122 1264 1164 circa
1309 1123 1463 1164 collem
1508 1123 1669 1165 clamor

94 1180 308 1236 fugatque
342 1195 394 1222 ex
427 1181 514 1222 suis
548 1195 761 1235 quemque
793 1180 1032 1234 praesidiis.
1083 1182 1146 1222 ita
1172 1195 1333 1237 magna
1364 1197 1465 1236 pars
1498 1183 1669 1224 absenti

96 1239 214 1282 hosti
247 1240 394 1295 cessit3
432 1255 537 1296 quos
570 1241 686 1281 intra
719 1240 880 1282 vallum
920 1243 1068 1295 egerat
1103 1256 1241 1296 pavor
1272 1265 1328 1270 —
1367 1241 1485 1284 fuere
1524 1245 1668 1284 autem

98 1299 152 1341 ad
183 1300 368 1355 triginta
400 1300 521 1341 milia
556 1324 623 1355 —,
656 1314 804 1341 omnes
839 1301 966 1354 caesi,
999 1302 1142 1342 castra
1173 1301 1354 1355 direpta.

213 1358 281 1400 Ita
320 1359 448 1400 rebus
489 1359 623 1414 gestis
670 1359 819 1401 consul
865 1359 1076 1401 advocata
1120 1360 1322 1402 contione
1360 1360 1405 1402 P.
1438 1361 1544 1403 Deci
1581 1376 1669 1404 non
1684 1364 1738 1406 37

95 1421 273 1474 coeptas
300 1418 442 1460 solum
469 1421 582 1472 ante,
617 1419 691 1460 sed
717 1419 958 1460 cumulatas
984 1434 1096 1461 nova
1122 1419 1283 1461 virtute
1312 1420 1459 1462 laudes
1485 1422 1668 1477 peragit,

95 1481 138 1520 et
177 1480 351 1533 praeter
382 1478 591 1520 militaria
629 1479 716 1520 alia
755 1479 868 1520 dona
910 1493 1040 1520 aurea
1078 1494 1237 1521 corona
1276 1494 1373 1521 eum
1413 1483 1456 1521 et
1495 1485 1667 1522 centum

93 1644 254 1688 (5,23‚3;
270 1646 445 1686 23,11‚12
460 1643 536 1677 und
549 1646 651 1686 12,7;
669 1647 725 1686 27,
738 1646 843 1686 51‚7;

93 1695 150 1735 30,
167 1695 221 1735 17,
244 1693 278 1735 6)
305 1691 380 1725 und
410 1691 467 1726 dis
501 1691 626 1725 laudes
657 1694 845 1736 yratesqzie

92 1741 342 1783 ayere(26,48‚
358 1742 396 1779 33
418 1740 598 1781 27‚13,2).
622 1737 705 1781 Vgl.
722 1737 842 1772 Plaut.

91 1785 171 1821 Mil.
206 1789 274 1820 411
319 1785 501 1830 Ephesiae
551 1785 700 1820 Dianae
750 1786 845 1820 laeta

93 1834 220 1869 laudes
244 1835 430 1879 ¹cratisque
455 1844 574 1877 aqam.

145 1891 177 1922 8.
205 1887 414 1932 castrensis]
442 1887 518 1920 Das
538 1884 717 1931 Adjektiv
744 1886 845 1920 steht

91 1946 219 1978 voram,
241 1934 326 1969 weil
347 1935 423 1968 ‘ein
438 1934 619 1978 Triumph
639 1933 689 1967 im
704 1932 839 1978 Lager’

90 1983 130 2017 in
168 1981 437 2016 Wirklichkeit
473 1981 534 2016 nie
571 1981 727 2016 vorkam
766 1981 843 2015 und

91 2030 185 2064 auch
213 2029 347 2064 Decius
380 2041 449 2063 nur
483 2028 758 2073 ‘gleichsam
790 2029 843 2063 im

91 2076 294 2122 Triumph'
330 2078 540 2121 einherzog.
593 2077 673 2111 Den
698 2077 843 2122 cigent-

89 2124 215 2160 lichen
260 2124 442 2169 Triumph
487 2124 598 2159 feiert
642 2124 741 2158 dann
779 2124 844 2159 der

93 2171 239 2207 Konsul
264 2172 372 2217 (Kap.
389 2175 445 2215 38,
461 2173 508 2217 3).

140 2229 172 2261 9.
200 2225 366 2272 classico]
400 2226 475 2260 Das
504 2224 635 2270 Signal
660 2237 725 2260 zur
751 2225 842 2259 Ver-

92 2273 304 2317 sammlung
314 2273 410 2308 hicss
425 2274 617 2308 classicum
627 2274 702 2307 und
715 2272 842 2307 wurdc

90 2321 163 2356 mit
188 2321 253 2355 der
279 2322 482 2366 Trompete
510 2321 598 2356 oder
629 2321 715 2355 dem
739 2321 842 2356 Horn

91 2369 263 2414 (bucinffl
289 2368 381 2414 Kap.
399 2369 507 2413 35,1)
533 2368 714 2413 gegeben.

133 2423 183 2457 ad
196 2423 396 2458 contionem
413 2421 600 2467 convocat]
618 2421 810 2467 Vg1.8‚32,
822 2425 839 2456 1

91 2470 309 2514 classicoque
346 2470 520 2515 extemplo
557 2470 606 2504 ad
638 2470 842 2504 contionem

92 2518 302 2561 advocavit;
327 2521 390 2558 26,
411 2521 473 2560 46,
499 2520 540 2551 13
567 2517 616 2551 acl
641 2517 841 2551 contionem

92 2565 284 2600 advocavit
291 2579 304 2609 ;
330 2568 362 2608 3,
378 2569 435 2608 34,
453 2570 469 2599 1
486 2565 667 2610 populum
687 2565 736 2599 ad
756 2575 840 2599 con—

91 2613 224 2648 tionem
251 2613 529 2648 advocaverunt.
570 2611 643 2646 Der
662 2612 838 2656 gewohn-

92 2659 189 2694 liche
215 2659 413 2695 Ausdruck
443 2660 508 2694 ist:
541 2660 742 2694 contionem
773 2660 838 2694 ad-

91 2717 231 2742 vocare.

141 2764 195 2796 10.
228 2761 270 2795 in
305 2761 474 2796 manibus
502 2760 604 2806 esset]
638 2759 671 2794 d.
691 2758 726 2793 h.
760 2759 838 2794 sich

92 2807 278 2850 darbiete‚
335 2819 408 2843 von
459 2808 543 2843 dem
593 2806 838 2842 Abstraktum

91 2857 242 2899 occasio,
256 2855 325 2891 wie
341 2855 429 2891 Sall.
443 2855 521 2890 Cat.
538 2858 623 2899 20,2
639 2855 838 2890 dominatio

918 1643 960 1676 in
985 1643 1174 1685 manibus,
1202 1643 1281 1678 Liv.
1298 1647 1336 1687 6,
1351 1647 1390 1688 8,
1408 1648 1451 1679 10
1477 1645 1668 1681 victoriam

918 1691 960 1725 in
984 1691 1155 1725 manibus
1181 1701 1262 1726 esse.

966 1738 1198 1784 castellatim]
1207 1738 1472 1783 haustmweise,
1481 1751 1666 1785 grappen-

918 1785 1039 1819 weise.
1051 1806 1092 1810 —
1109 1784 1346 1830 Eigentliche
1361 1786 1528 1822 Kastelle
1543 1798 1667 1822 waren

918 1833 1023 1867 nicht
1048 1831 1275 1869 vorhanden.

970 1889 1022 1920 11.
1056 1887 1279 1933 patentiore]

917 1933 1080 1978 weniger
1112 1945 1184 1968 von
1216 1934 1349 1970 Hohen
1384 1936 1460 1970 und
1485 1936 1667 1972 W'aldern

917 1980 1229 2026 eingeschlossen.
1280 1982 1365 2028 Vgl.
1388 1988 1445 2027 21,
1460 1987 1517 2028 25,
1540 1988 1579 2019 11
1596 1996 1666 2029 per

912 2030 1084 2073 patentia
1109 2029 1199 2065 loca.

967 2085 1020 2116 12.
1053 2083 1094 2117 in
1119 2083 1251 2129 unum]
1289 2083 1356 2118 auf
1386 2084 1495 2119 einen
1527 2084 1664 2128 Punkt,

917 2141 965 2164 an
991 2129 1093 2165 einer
1119 2129 1256 2176 Stelle,
1289 2132 1417 2166 besser
1435 2132 1529 2177 Kap.
1545 2137 1602 2176 37,
1621 2137 1662 2167 13

917 2179 959 2260 gi
977 2189 1093 2212 unum
1113 2178 1241 2222 locum,
1267 2178 1338 2213 wie
1358 2179 1418 2214 bei
1441 2179 1567 2216 Cicero
1587 2181 1663 2215 und

947 2236 1042 2260 asar.

966 2275 1020 2307 13.
1041 2274 1259 2320 praesidiis]
1286 2273 1420 2309 Posten
1447 2275 1537 2320 (vgl.
1567 2275 1661 2321 Kap.

917 2323 973 2364 34,
998 2323 1069 2365 14),
1093 2321 1192 2356 nach
1218 2325 1236 2364 ξ
1259 2325 1359 2356 10=
1375 2323 1541 2360 castellis.

963 2374 1121 2421 absenti]
1149 2375 1183 2409 d.
1198 2374 1234 2409 h.
1257 2375 1354 2410 ohne
1374 2375 1456 2411 dass
1484 2388 1523 2411 er
1543 2377 1581 2411 in
1602 2377 1661 2412 die

914 2421 1025 2456 N'ahe
1050 2421 1148 2457 kam.

920 2507 938 2514 ..
963 2470 1011 2505 acl
1047 2471 1204 2515 triyixta
1242 2470 1362 2516 milia]
1409 2471 1489 2505 cine
1535 2472 1660 2506 starke

915 2515 1189 2562 Ubertreibung
1211 2517 1275 2552 der
1291 2517 1421 2559 Quelle
1443 2519 1506 2553 des
1521 2518 1660 2562 Livius,

913 2563 984 2598 wie
1005 2565 1097 2610 Kap.
1111 2569 1170 2608 37,
1187 2569 1229 2599 16
1251 2565 1573 2608 (wahrscheinlich
1594 2566 1658 2600 des

914 2611 1082 2646 Valerius
1112 2612 1267 2656 Antias).

913 2712 936 2746 d
961 2664 1024 2700 37.
1048 2669 1078 2700 1.
1100 2666 1242 2711 laudes]
1252 2665 1657 2710 Ruhmesthaten‚Ver-

938 2712 1067 2747 ienste.

960 2771 1073 2794 aurea
1100 2760 1255 2806 corona]
1295 2760 1363 2795 wie
1396 2760 1523 2795 frsiher
1554 2761 1657 2796 Man-

911 2807 983 2842 lius
1010 2807 1220 2851 Torquatus
1248 2807 1536 2850 ausgezeichnet
1562 2819 1655 2843 wor-

912 2854 982 2889 den
1010 2866 1085 2890 war
1111 2853 1220 2900 <Kap.
1243 2859 1296 2899 10,
1320 2857 1388 2900 14).

1326 1886 1528 1931 ‘offener’,
1567 1888 1602 1924 d.
1629 1888 1665 1925 h.
