1794 3084
60 104 88 123 a.
108 96 175 122 chr.
194 103 222 122 n.
241 97 303 122 403.
661 85 807 121 LIBER
834 86 877 121 V.
923 85 1024 120 CAP.
1051 90 1082 120 6.
1571 85 1622 126 11

61 198 259 238 nostrum
291 209 378 237 non
413 194 552 236 solum
587 197 738 248 parata
768 194 948 236 victoria
974 194 1070 248 frui,
1103 193 1189 248 sed,
1222 193 1258 234 si
1285 193 1415 234 etiam
1442 208 1509 234 res
1537 194 1624 234 len-
1652 204 1671 234 2

62 254 150 296 tior
182 254 252 308 sit,
283 253 375 308 pati
407 253 597 294 taedium
631 255 673 294 et
699 254 895 307 quamvis
923 268 1042 294 serae
1070 253 1160 307 spei
1187 253 1349 294 exitum
1377 257 1624 318 exspectare

62 316 118 368 et,
150 313 186 354 si
218 327 304 354 non
338 313 395 354 sit
428 315 590 354 aestate
622 312 859 365 perfectum
891 311 1064 365 bellum,
1095 311 1280 353 hiemem
1314 311 1501 377 opperiri
1534 325 1624 364 nec,

63 371 174 414 sicut
205 372 390 413 aestivas
423 385 535 425 aves,
573 371 720 411 statim
754 373 958 412 autumno
992 374 1109 412 tecta
1141 385 1188 412 ac
1221 384 1413 412 recessus
1446 370 1624 411 circum-

62 431 237 485 spicere.
294 430 471 472 obsecro
510 444 603 471 vos:
644 429 828 470 venandi
871 429 1059 471 studium
1100 444 1147 471 ac
1186 430 1386 484 voluptas
1424 428 1623 470 homines
1650 441 1670 470 3

62 503 139 544 per
170 491 288 531 nives
323 504 371 531 ac
403 489 580 543 pruinas
612 488 658 528 in
689 492 858 530 montes
891 488 1109 543 silvasque
1142 488 1274 543 rapit,
1306 487 1409 529 belli
1441 487 1624 529 necessi-

60 548 224 590 tatibus
264 563 356 590 eam
396 547 650 602 patientiam
682 561 770 588 non
804 546 1121 601 adhibebimus,
1162 562 1291 602 quam
1324 547 1390 588 vel
1423 548 1541 588 lusus
1575 561 1623 588 ac

62 608 263 662 voluptas
313 607 464 648 elicere
515 605 654 648 solet?
706 605 868 647 adeone
921 606 1166 647 effeminata
1212 621 1392 660 corpora
1436 605 1623 647 militum
1649 617 1671 648 4

62 669 309 708 nostrorum
337 679 428 707 esse
454 669 669 719 putamus,
696 665 801 706 adeo
829 664 980 706 molles
1008 666 1186 718 animos,
1208 668 1260 705 ut
1285 665 1470 706 hiemem
1493 679 1623 706 unam

60 725 213 767 durare
245 725 290 766 in
321 724 486 778 castris,
530 723 679 765 abesse
712 724 766 765 ab
800 723 926 765 domo
959 738 1046 765 non
1078 724 1278 778 possint?
1311 727 1369 776 ut,
1401 727 1623 778 tamquam

59 783 214 826 navale
246 783 405 825 bellum
437 783 771 837 tempestatibus
806 782 1032 837 captandis
1067 786 1109 824 et
1135 783 1403 824 observando
1430 786 1622 837 tempore

60 843 163 884 anni
194 844 360 897 gerant,
391 856 479 883 non
512 844 668 894 aestus,
699 856 786 883 non
819 841 981 897 frigora
1012 842 1103 895 pati
1134 842 1333 896 possint?
1369 842 1624 883 erubescant
1650 853 1670 884 5

61 901 270 956 profecto,
301 902 337 942 si
371 901 464 955 quis
498 901 559 942 eis
591 900 697 942 haec
731 901 903 951 obiciat,
936 901 1283 956 contendantque
1317 903 1359 942 et
1393 901 1548 942 animis
1581 903 1625 942 et

60 960 313 1015 corporibus
351 961 438 1001 suis
476 960 644 1001 virilem
685 960 941 1014 patientiam
979 960 1136 1011 inesse,
1175 963 1218 1001 et
1256 974 1300 1001 se
1331 960 1452 1001 iuxta
1485 959 1623 1000 hieme

60 1022 189 1074 atque
222 1022 386 1061 aestate
420 1019 534 1060 bella
566 1033 712 1074 gerere
744 1033 882 1073 posse,
913 1033 992 1060 nec
1025 1034 1069 1060 se
1096 1020 1385 1074 patrocinium
1411 1019 1623 1060 mollitiae

59 1078 324 1133 inertiaeque
356 1078 583 1120 mandasse
615 1078 816 1132 tribunis,
850 1081 892 1119 et
923 1078 1169 1120 meminisse
1202 1078 1313 1119 hanc
1338 1078 1476 1132 ipsam
1503 1080 1622 1131 pote-

59 1139 216 1179 statem
247 1152 335 1179 non
367 1137 413 1178 in
446 1137 596 1178 umbra
627 1151 705 1178 nec
736 1138 782 1178 in
814 1137 939 1178 tectis
973 1137 1156 1178 maiores
1190 1152 1290 1178 suos
1323 1151 1502 1178 creasse.

176 1195 295 1238 Haec
337 1196 496 1238 virtute
540 1196 727 1237 militum
765 1199 1024 1249 vestrorum,
1068 1196 1174 1238 haec
1212 1196 1409 1237 Romano
1447 1196 1622 1237 nomine
1649 1209 1669 1240 6

60 1258 162 1296 sunt
204 1255 352 1311 digna,
389 1269 475 1296 non
508 1255 641 1297 Veios
675 1258 845 1296 tantum
877 1269 954 1296 nec
986 1255 1068 1296 hoc
1100 1254 1261 1297 bellum
1293 1255 1471 1308 intueri,
1509 1253 1622 1309 quod

59 1314 210 1368 instat,
251 1315 325 1356 sed
362 1314 523 1355 famam
563 1317 606 1356 et
643 1314 695 1355 ad
736 1314 821 1355 alia
853 1313 967 1355 bella
1001 1317 1044 1356 et
1076 1313 1128 1355 ad
1161 1317 1324 1356 ceteros
1357 1314 1542 1369 populos
1575 1314 1621 1354 in

58 1376 278 1428 posterum
306 1387 520 1428 quaerere.
567 1388 623 1414 an
648 1373 862 1415 mediocre
890 1373 1117 1415 discrimen
1139 1374 1354 1427 opinionis
1377 1375 1621 1415 secuturum
1650 1386 1668 1417 7

58 1445 111 1474 ex
140 1432 222 1474 hac
253 1447 298 1474 re
329 1432 512 1487 putat-is,
546 1434 691 1474 utrum
723 1432 897 1474 tandem
930 1432 1103 1474 finitimi
1134 1433 1344 1487 populum
1376 1432 1623 1474 Romanum

60 1505 156 1533 eum
189 1505 282 1533 esse
313 1494 484 1546 putent,
525 1491 645 1533 cuius
679 1491 715 1533 si
747 1507 831 1547 qua
862 1491 966 1533 urbs
1000 1492 1187 1546 primum
1219 1492 1341 1533 illum
1372 1491 1621 1533 brevissimi

58 1551 268 1606 temporis
302 1551 557 1592 sustinuerit
588 1551 816 1605 impetum,
848 1550 957 1592 nihil
990 1551 1141 1592 deinde
1172 1551 1344 1605 timeat,
1378 1566 1431 1592 an
1463 1551 1532 1593 hic
1565 1550 1623 1592 sit
1647 1563 1668 1595 8

103 1714 255 1760 parata]
287 1713 423 1757 bei-eit,
457 1713 491 1749 d.
518 1714 554 1748 h.
587 1713 705 1749 leicht
737 1725 802 1759 ge-
923 1718 1042 1749 aestus
1069 1742 1076 1749 .
1100 1743 1106 1749 .
1131 1743 1136 1749 .
1163 1714 1322 1760 frz'yora]
1381 1713 1455 1749 Der
1492 1713 1620 1748 Plural

56 1770 230 1804 wonnen,
258 1760 373 1795 leicbt
398 1773 441 1795 zu
467 1761 645 1805 erringen.
875 1761 1094 1796 bezeichnet
1126 1762 1207 1796 eine
1242 1761 1479 1796 andauernde
1512 1761 1621 1796 Hitze

107 1822 139 1854 2·
166 1819 281 1865 serae]
308 1819 383 1855 Das
404 1819 583 1864 Adjekffiv
609 1820 660 1854 ist
685 1819 800 1854 durch
876 1809 949 1843 und
976 1809 1096 1844 Kiilte.
1135 1808 1220 1853 Vgl.
1241 1809 1334 1853 Kap.
1356 1812 1412 1851 31,
1434 1812 1454 1842 5
1475 1809 1621 1843 calores.

57 1866 239 1911 Enallage
272 1867 342 1901 mit
365 1869 442 1912 spei
466 1867 681 1902 verbunden
708 1868 802 1902 statt
924 1871 954 1902 5.
994 1868 1103 1902 *iuxta
1130 1896 1136 1902 .
1160 1894 1167 1902 .
1190 1895 1196 1902 .
1226 1867 1348 1913 atque]
1382 1866 1623 1902 ebensowohl

58 1913 128 1948 mit
147 1915 283 1948 exitum
304 1914 445 1958 (‘einer
455 1914 595 1957 fernen,
617 1915 695 1949 sich
716 1916 802 1959 sp'at
876 1941 883 1948 .
906 1940 912 1948 .
935 1942 942 1948 .
965 1915 1045 1950 als..

56 1959 288 1996 erffillenden
314 1960 358 1997 H.
366 1962 403 2005 ’.)
921 1962 962 1996 in
988 1962 1134 2008 umbra]
1162 1962 1371 2006 Gegensatz
1407 1973 1449 1996 zu
1476 1964 1620 2003 aestate,

104 2009 260 2043 aestivas
284 2009 381 2055 aves]
404 2008 534 2054 Vogel,
563 2009 704 2043 welche
731 2021 801 2044 nur
874 2012 1014 2052 aestus,
1046 2009 1116 2044 wie
1142 2010 1183 2044 in
1209 2010 1309 2044 tectis
1336 2009 1545 2053 Gegensatz
1570 2009 1621 2043 ist

55 2053 108 2089 im
133 2055 302 2091 Sommer
334 2056 394 2091 bei
426 2068 494 2091 uns
521 2055 670 2099 weilen3
705 2056 799 2102 Zug-
874 2067 918 2090 zu
944 2057 1071 2099 hieme,
1097 2057 1250 2101 friyora.

58 2103 177 2147 vogel·
922 2118 954 2150 6.
981 2116 1082 2161 haec]
1112 2115 1254 2150 erkl'art
1279 2115 1395 2150 durch
1416 2126 1491 2150 non
1516 2114 1621 2150 Veios

104 2150 274 2196 recessus]
303 2149 413 2194 Plan,
443 2150 784 2196 ‘Schlupfwinkel'
791 2180 798 2186 .
875 2190 882 2198 ⁸
905 2190 912 2198 ,
935 2191 941 2197 ,
963 2174 1142 2207 quaerere,

55 2199 112 2240 38,
132 2201 188 2240 45,
209 2201 240 2232 9·
921 2210 985 2256 ad]
1013 2210 1074 2245 bei
1101 2209 1204 2244 einer
1225 2209 1343 2244 Sache
1364 2222 1428 2244 zur
1447 2209 1619 2244 Bezeich·

102 2259 134 2291 3.
155 2257 296 2292 obsecro
310 2257 388 2303 vos]
411 2257 481 2291 Mit
501 2257 627 2292 diesen
643 2258 800 2292 Worten
874 2269 975 2302 nung
995 2257 1060 2292 der
1073 2256 1297 2302 Beziehung,
1320 2256 1434 2301 ‘ffir’,
1457 2257 1526 2291 wie
1547 2261 1566 2299 ξ
1583 2261 1618 2299 1;

54 2301 197 2338 fordert
235 2304 300 2339 der
332 2302 514 2349 Sprecher
544 2305 604 2339 die
638 2305 801 2340 Zuhorer
873 2303 970 2339 dann
996 2304 1057 2340 bei
1083 2305 1266 2340 Personen
1294 2304 1387 2339 statt
1411 2305 1523 2348 apud.

54 2349 348 2404 nachdrficklich
368 2351 442 2394 auf,
463 2352 528 2386 das
545 2351 735 2397 Folgende
757 2364 800 2386 zu
923 2367 954 2398 7·
981 2363 1048 2410 an]
1081 2363 1156 2398 Der
1182 2362 1267 2398 Satz
1298 2362 1427 2408 bringt
1452 2363 1523 2398 den
1548 2363 1619 2398 Be-

57 2401 239 2451 efw'agen·
290 2398 463 2434 Dleselbe
500 2399 648 2434 Formel
684 2399 801 2434 findet
873 2411 962 2445 weis
998 2422 1060 2445 zur
1091 2410 1357 2456 Behauptung:
1392 2421 1431 2445 es
1464 2410 1620 2445 handelt

54 2443 133 2480 ⁸¹0h
152 2449 185 2489 4
206 2449 239 2488 3
260 2449 292 2480 9·
327 2446 410 2491 Vgl·
429 2444 523 2491 KaP·
545 2450 576 2488 5,
601 2451 616 2481 1
646 2457 708 2482 ⁰²⁰
728 2457 798 2482 2¹·03
873 2457 952 2492 sich
974 2457 1070 2503 jetzt
1095 2470 1158 2492 um
1187 2458 1256 2492 den
1284 2457 1526 2503 Kriegsruhm
1553 2459 1618 2493 der

102 2504 200 2551 belli]
221 2496 322 2540 'Uber
336 2503 436 2539 diese
452 2503 800 2551 Schlussfolgerung
872 2504 1010 2539 Romer
1035 2505 1257 2550 uberhaupt.

54 2550 128 2596 vgl.
156 2564 201 2586 zu
227 2551 321 2596 Kap.
348 2555 458 2595 4,11.
920 2552 1123 2598 opinionis]
1171 2552 1228 2586 ‘in
1273 2553 1340 2587 der
1377 2552 1618 2587 offentlichen
1652 2558 1672 2581 Ο

100 2599 388 2645 necessitatibus]
405 2599 798 2643 Bedurfnisse,Forde·
871 2598 1070 2644 Meinung’
1094 2599 1156 2634 bei
1175 2599 1245 2634 den
1268 2599 1425 2644 &brigen
1442 2598 1617 2636 Volkern.

55 2655 208 2691 mugen.
253 2650 310 2690 28,
337 2650 393 2691 22,
420 2651 440 2681 2
474 2648 570 2692 quod
601 2651 705 2682 extra
739 2658 798 2682 ne-
919 2647 1098 2692 eaehacre]
1114 2645 1618 2691 erklartdurchdieDoppel-

55 2695 233 2729 cessitates
266 2695 349 2730 belli
375 2696 618 2740 praecipuum
650 2696 692 2729 in
723 2694 797 2730 Ro·
871 2692 976 2738 frage
1002 2693 1072 2727 mit
1097 2697 1220 2728 utrum
1241 2721 1248 2727 .
1271 2722 1277 2728 .
1301 2721 1308 2727 .
1330 2705 1390 2728 an.

57 2749 182 2776 manos
205 2742 376 2786 yerebant
401 2742 535 2776 odium.
920 2741 1025 2775 cuius
1048 2740 1097 2786 si]
1120 2757 1164 2769 =
1183 2744 1242 2783 ut,
1268 2741 1302 2775 si
1322 2768 1328 2775 .
1352 2769 1358 2775 .
1381 2768 1388 2775 .
1410 2741 1497 2776 eius.

105 2791 138 2822 4.
172 2789 370 2834 tamquam]
405 2789 461 2824 oft
481 2806 525 2818 =
544 2792 729 2834 tamquam
755 2790 798 2832 si,
920 2788 1060 2833 timeat]
1082 2804 1125 2816 =
1146 2789 1178 2822 ci
1203 2788 1401 2823 timendum
1426 2789 1484 2823 sit.

55 2834 150 2870 auch
174 2835 235 2870 bei
260 2835 400 2871 Cicero.
921 2840 952 2870 8.
979 2835 1054 2881 hie]
1082 2835 1220 2870 erklart
1241 2834 1355 2870 durch
1376 2839 1417 2870 ut
1432 2864 1438 2870 .
1455 2864 1462 2871 .
1479 2864 1486 2871 .
1503 2839 1616 2881 yerat.
