1794 3084
91 642 133 673 10

90 824 130 854 11

92 929 133 959 12

92 1112 133 1143 13

92 1229 135 1260 14

92 1406 133 1437 15

731 112 875 147 LIBER
900 111 943 147 V.
989 111 1090 148 CAP.
1119 117 1150 148 6.

160 115 213 155 12
1506 126 1531 145 a.
1550 126 1580 145 u.
1601 125 1625 145 ο.
1645 118 1709 144 351.

158 225 297 263 terror
334 221 520 262 nominis
560 221 716 273 nostri,
757 222 805 260 ut
842 219 1073 261 exercitum
1112 218 1354 260 Romanum
1392 233 1479 260 non
1518 219 1708 262 taedium

158 281 419 334 longinquae
452 278 800 333 oppugnationis,
832 293 918 320 non
950 277 1012 318 vis
1044 277 1196 318 hiemis
1224 278 1276 318 ab
1303 277 1406 319 urbe
1432 278 1711 321 circumsessa

160 339 289 380 semel
325 352 520 379 amovere
554 337 703 390 possit,
734 351 811 378 nec
844 337 971 377 finem
1003 336 1138 377 ullum
1171 336 1300 377 alium
1333 335 1436 376 belli
1467 350 1594 390 quam
1626 337 1709 379 vic-

158 398 316 439 toriam
359 396 527 438 noverit
570 409 647 436 nec
691 395 852 448 impetu
891 394 1034 449 potius
1074 394 1187 435 bella
1225 408 1353 448 quam
1391 395 1710 448 perseverantia

160 456 311 511 gerat?
351 469 457 509 quae
496 455 539 495 in
579 454 695 494 omni
728 453 896 507 quidem
928 467 1082 508 genere
1115 453 1313 506 militiae,
1351 453 1534 494 maxime
1565 455 1712 496 tamen

159 516 204 555 in
237 513 479 555 obsidendis
513 513 690 553 urbibus
723 513 967 553 necessaria
999 515 1075 565 est,
1108 526 1298 566 quarum.
1320 511 1545 565 plerasque
1576 513 1712 554 muni-

160 573 351 613 tionibus
391 585 439 612 ac
478 570 666 612 naturali
707 570 791 611 situ
823 570 1177 625 inexpugnabiles
1210 570 1322 611 fame
1355 569 1510 623 sitique
1541 571 1712 624 tempus

159 631 300 684 ipsum
344 630 477 671 vincit
521 632 648 684 atque
694 633 927 684 expugnat,
974 630 1084 670 sicut
1122 629 1252 670 Veios
1297 627 1582 683 expugnabit,
1625 629 1712 670 nisi

160 689 319 730 auxilio
360 688 557 729 hostibus
594 688 757 729 tribuni
794 688 934 742 plebis
972 688 1151 742 fuerint,
1189 690 1232 728 et
1270 687 1432 729 Romae
1469 686 1713 728 invenerint

158 747 373 802 praesidia
403 746 626 800 Veientes,
659 761 765 800 quae
797 747 1055 801 nequiquam
1087 747 1133 786 in
1163 746 1340 787 Etruria
1372 748 1594 800 quaerunt.

278 806 347 847 An
386 810 451 846 est
490 806 735 860 quicquam,
776 805 887 860 quod
920 804 1175 845 Veientibus
1214 807 1408 859 optatum
1449 817 1581 858 aeque
1613 818 1712 846 con·
1749 791 1784 833 .'

159 865 329 919 tingere
373 864 530 919 possit,
575 878 702 917 quam
741 867 788 904 ut
827 863 1106 905 seditionibus
1144 863 1328 917 primum
1367 863 1468 903 urbs
1506 863 1714 916 Romana,

162 923 311 964 deinde
343 923 460 964 velut
493 937 542 963 ex
570 922 825 976 contagione
852 925 994 963 castra
1019 922 1304 976 impleantur?
1337 924 1381 962 at
1405 921 1575 962 hercule
1603 922 1715 976 apud

161 982 298 1023 hostis
330 984 452 1023 tanta
483 980 692 1022 modestia
726 983 802 1033 est,
833 983 883 1021 ut
914 995 1005 1021 non
1037 980 1272 1022 obsidionis
1297 979 1452 1033 taedio,
1483 994 1571 1022 non
1598 980 1714 1022 deni-

162 1055 243 1095 que
275 1040 396 1095 regni
429 1040 657 1093 quicquam
691 1039 803 1093 apud
834 1053 905 1080 eos
931 1041 1138 1080 novatum
1164 1039 1231 1093 sit,
1262 1053 1348 1079 non
1372 1040 1531 1093 negata
1556 1039 1718 1080 auxilia

162 1099 214 1140 ab
247 1099 445 1140 Etruscis
477 1098 741 1139 irritaverint
773 1098 957 1151 animos,
992 1097 1202 1138 morietur
1229 1097 1341 1138 enim
1369 1097 1594 1151 extemplo,
1626 1097 1716 1152 qui-

163 1172 341 1212 cumque
380 1158 460 1198 erit
501 1156 723 1198 seditionis
761 1159 928 1210 auctor,
966 1170 1043 1197 nec
1076 1156 1275 1210 cuiquam
1309 1156 1447 1197 dicere
1479 1169 1528 1197 ea
1558 1155 1716 1210 licebit,

163 1231 271 1271 quae
318 1216 431 1270 apud
475 1230 552 1257 vos
595 1215 769 1269 impune
814 1215 1023 1256 dicuntur.
1091 1215 1352 1256 fustuarium
1394 1216 1601 1268 meretur,
1644 1215 1717 1269 qui

162 1276 287 1330 signa
313 1275 518 1329 relinquit
545 1277 619 1315 aut
644 1274 856 1328 praesidio
878 1274 1059 1327 decedit,
1087 1276 1283 1315 auctores
1305 1273 1429 1327 signa
1447 1272 1716 1327 relinquendi

162 1338 204 1375 et
242 1333 465 1375 deserendi
506 1336 664 1384 castra,
702 1347 789 1374 non
826 1333 901 1373 uni
939 1334 1013 1373 aut
1053 1332 1178 1373 alteri
1211 1332 1357 1386 militi,
1400 1332 1471 1373 sed
1503 1331 1716 1373 universis

162 1393 435 1444 exercitibus,
473 1392 617 1446 palam
655 1391 700 1432 in
738 1392 936 1433 contione
977 1391 1216 1432 audiuntur.
1267 1391 1371 1432 adeo
1405 1389 1608 1445 quidquid
1639 1390 1715 1431 tri·

1789 1086 1794 1215 ς

1789 1219 1794 1312 1

1761 1350 1763 1353 ⁴
1791 1338 1794 1359 Ι

161 1452 301 1493 bunus
334 1450 471 1504 plebis
503 1450 709 1505 loquitur,
749 1451 830 1492 etsi
863 1449 1105 1505 prodendae
1137 1450 1301 1504 patriae
1335 1449 1715 1503 dissolvendaeque
1777 1482 1794 1493 .,

160 1511 223 1552 rei
255 1510 451 1565 publicae
485 1512 563 1563 est,
596 1509 807 1550 adsuestis
833 1510 955 1563 aequi
982 1509 1140 1562 audire,
1173 1511 1215 1549 et
1240 1508 1461 1549 dulcedine
1487 1507 1716 1562 potestatis

209 1660 384 1706 nominis]
400 1659 487 1695 Gen.
501 1659 743 1694 subiectivus:
767 1671 817 1694 an
832 1663 905 1694 tam

162 1709 322 1744 terribile
353 1710 400 1742 sit
430 1718 559 1742 nomeu
584 1710 764 1749 nostrum,
791 1724 836 1735 =
856 1718 906 1741 an

164 1760 237 1791 tam
264 1755 441 1795 terribiles
466 1755 590 1788 simus.

208 1802 327 1847 semel]
372 1801 442 1835 mit
476 1802 708 1836 circumsessa
745 1812 788 1834 zu
825 1810 905 1834 ver-

162 1850 311 1885 binden.

208 1895 364 1941 noverit]
392 1895 466 1929 Das
488 1894 646 1939 Subjekt
664 1894 714 1928 ist
734 1904 800 1929 aus
821 1893 905 1929 dem

161 1942 493 1987 vorhergehenden
534 1941 672 1986 Objekt
709 1942 901 1976 exercitum

162 1992 370 2026 Romanum
396 2001 441 2022 zu
466 1989 700 2023 entnehmen.

208 2036 360 2081 impetu]
402 2036 495 2069 ‘mit
532 2035 774 2078 Ungestfim’,
818 2034 901 2068 Abl.

162 2084 263 2120 modi
285 2086 356 2127 (42,
372 2086 426 2126 29,
444 2086 486 2115 11
507 2083 643 2126 impetu
661 2082 776 2126 wiayis
795 2093 903 2126 quam

163 2132 337 2173 consilio).

212 2182 266 2213 10.
304 2178 399 2212 sicut
431 2176 534 2211 Veios
559 2175 799 2220 expugnabit]
832 2174 906 2209 Der

162 2226 311 2261 Redner
346 2224 489 2258 scheint
520 2235 564 2257 zu
595 2223 793 2265 erwarten,
825 2221 906 2257 dass

163 2273 202 2307 in
224 2271 309 2316 Veji
328 2269 426 2305 beim
447 2270 647 2304 Andauern
667 2269 731 2303 der
751 2268 905 2314 Belage-

162 2331 257 2363 rung
293 2318 374 2352 eine
407 2316 646 2360 Hungersnot
676 2315 904 2350 ausbrechen

163 2367 296 2401 werde.
347 2364 451 2398 Doch
484 2363 606 2398 finden
639 2362 718 2397 sich
745 2362 904 2397 dariiber

162 2414 201 2448 in
227 2413 292 2446 der
317 2411 531 2455 Erzahlung
556 2410 620 2446 des
642 2409 767 2444 Livius
794 2409 902 2444 keine

162 2459 454 2502 Andeutungem
498 2457 680 2492 vielmehr
716 2457 806 2491 kam
844 2456 903 2490 die

162 2506 368 2541 Einnahme
402 2505 467 2539 der
500 2504 611 2539 Stadt
646 2505 717 2539 den
741 2504 904 2538 Romern

161 2554 387 2589 unerwartet
413 2551 520 2597 (Kap.
542 2555 598 2595 23,
618 2553 665 2595 2).

212 2605 266 2635 11.
293 2599 357 2644 au]
387 2598 458 2633 Der
483 2599 594 2633 letzte
614 2599 814 2633 Abschnitt
840 2598 904 2632 der

161 2647 264 2683 Rede
295 2647 415 2680 warnt
445 2646 541 2680 noch
567 2645 704 2680 einmal
729 2656 795 2681 vor
820 2645 903 2680 dem

162 2693 420 2739 gefahrlichen
439 2693 599 2727 Treiben
619 2692 683 2726 der
702 2692 901 2727 Tribunen.

211 2740 394 2785 coutayio]
424 2740 723 2784 ‘Ansteckung’‚
751 2739 901 2784 eigentl.

162 2798 234 2822 von
272 2787 456 2829 Seuchen,
502 2785 613 2821 meist
649 2786 805 2821 bildlich
842 2797 903 2830 ge-

162 2834 331 2869 braucht.
390 2833 437 2869 So
482 2834 583 2868 steht
616 2844 660 2869 ex
694 2834 905 2878 contayione

978 1658 1072 1694 auch
1092 1663 1124 1702 9,
1147 1663 1177 1701 1,
1201 1664 1220 1695 6
1247 1661 1304 1704 (ue
1329 1659 1418 1703 quid
1443 1669 1486 1694 eoe
1505 1659 1717 1703 eontayione

976 1717 1093 1741 ‘noxae
1107 1710 1302 1741 remaneret
1310 1717 1420 1750 penes
1433 1707 1511 1749 nos)
1524 1718 1558 1741 u.
1571 1709 1629 1749 42,
1640 1709 1672 1748 5,
1684 1709 1716 1741 7.

1027 1757 1080 1789 12.
1101 1753 1290 1798 modestia]
1312 1752 1613 1797 gesetzm'assiges
1627 1752 1718 1787 Ver-

976 1801 1122 1844 halten,
1149 1800 1362 1836 Gehorsam.

1024 1858 1099 1882 uon
1129 1847 1298 1892 denique]
1333 1845 1392 1892 ‘Ja
1416 1846 1521 1881 nicht
1545 1845 1716 1882 einmal’.

978 1895 1129 1939 denique
1166 1895 1302 1939 knfipft
1339 1894 1404 1928 das
1434 1892 1625 1928 Ausserste
1652 1904 1715 1936 an;

977 1952 1014 1976 es
1049 1942 1149 1976 steht
1181 1941 1295 1976 daher
1327 1941 1446 1975 selten
1477 1940 1591 1974 schon
1616 1939 1717 1974 beim

975 1987 1131 2023 zweiten
1168 1988 1335 2023 Moment
1378 1987 1443 2021 der
1479 1985 1715 2032 Aufz‘ahlung

975 2036 1023 2079 (4,
1046 2039 1099 2078 56,
1123 2039 1181 2076 11;
1209 2038 1241 2076 s,
1262 2038 1319 2077 21,
1340 2038 1373 2076 6;
1403 2038 1460 2077 23,
1483 2037 1538 2078 13,
1559 2035 1603 2078 1).

1023 2082 1144 2127 reyni]
1172 2082 1248 2116 scil.
1275 2082 1406 2116 taedio.

979 2175 1002 2209 d
1026 2133 1078 2163 14.
1107 2128 1286 2174 auctores]
1313 2126 1578 2163 Adversatives
1598 2129 1715 2173 Asyn-

1005 2178 1101 2210 eton.

1024 2223 1093 2257 uni
1119 2249 1126 2255 .
1154 2249 1160 2256 .
1189 2249 1196 2256 .
1223 2221 1451 2266 exercitibus]
1488 2220 1556 2255 Die
1581 2220 1716 2256 Dative

978 2269 1060 2303 sind
1110 2281 1154 2303 zu
1195 2268 1398 2303 verbinden
1442 2267 1512 2302 mit
1554 2272 1715 2304 auctores

978 2317 1037 2360 (=
1057 2317 1106 2358 ei,
1132 2316 1195 2361 qui
1219 2316 1398 2360 suadent).

1024 2363 1245 2408 audiuntur]
1270 2361 1382 2397 nam-1.
1410 2373 1433 2396 a
1456 2361 1565 2398 vobis

1026 2413 1079 2445 15.
1116 2410 1220 2455 adeo]
1252 2408 1535 2454 begrfindendes
1567 2409 1715 2445 Adverb

978 2458 1038 2501 (=
1064 2458 1219 2502 quippe).
1264 2455 1313 2490 Es
1352 2455 1458 2490 leitet
1494 2455 1556 2489 bei
1587 2455 1715 2491 Livius

977 2504 1034 2539 oft
1057 2504 1116 2538 die
1137 2502 1448 2538 nachdriickliehe
1468 2502 1714 2548 Bestatigung

976 2552 1064 2585 oder
1078 2550 1330 2595 Begrfindung
1344 2549 1445 2584 einer
1461 2548 1714 2585 auffallenden

976 2598 1226 2642 Behauptung
1255 2597 1316 2631 ein
1342 2599 1384 2640 (z.
1409 2595 1451 2631 B.
1477 2596 1570 2641 Kap.
1596 2599 1653 2641 41,
1674 2601 1714 2640 83

976 2644 1040 2691 21,
1064 2647 1178 2687 11,1;
1204 2647 1259 2687 20,
1280 2647 1302 2678 4
1327 2654 1360 2678 u.
1389 2647 1427 2685 ες
1453 2644 1602 2687 57,14).

1023 2691 1087 2737 est]
1114 2691 1184 2725 mit
1202 2691 1291 2726 Gen.
1319 2691 1382 2725 des
1403 2689 1620 2734 Gerundivs,
1644 2689 1715 2726 wie
1765 2738 1770 2742 .

976 2738 1069 2783 Kap.
1097 2741 1129 2781 3,
1151 2741 1182 2772 5.

1025 2786 1131 2830 aequi
1186 2783 1330 2829 audire]
1395 2783 1595 2828 ‘geduldig
1650 2795 1716 2819 an-

976 2832 1127 2867 horen'.
1154 2831 1239 2876 Vgl.
1261 2834 1317 2875 22,
1332 2833 1388 2876 25,
1404 2834 1446 2865 12
1466 2841 1511 2866 ne
1528 2831 1570 2866 in
1587 2834 1716 2866 senatu
