1794 3084
109 212 163 253 Ξῖ

127 399 146 429 2

125 752 144 783 3

126 887 146 899 *2

127 990 146 1020 5

129 1110 148 1141 6
174 1110 349 1137 munere
385 1095 554 1137 venisti.

175 1155 355 1196 societas
411 1169 496 1196 non
552 1157 635 1208 est,
693 1169 820 1208 quam
870 1154 1137 1209 ingeneravit
1186 1157 1341 1195 natura
1389 1153 1600 1209 utrisque,

179 103 234 144 52
731 103 874 138 LIBER
900 105 942 139 V.
989 104 1092 141 CAP.
1118 109 1173 139 27.
1528 122 1552 141 a.
1572 122 1600 141 u.
1620 122 1644 140 c.
1663 115 1728 143 360.

298 211 391 254 Mos
421 214 510 253 erat
537 211 715 253 Faliscis
741 211 887 252 eodem
915 212 1122 266 magistro
1148 212 1377 254 liberorum
1404 214 1446 254 et
1472 213 1626 255 comite
1651 214 1725 268 uti,

178 271 389 325 simulque
427 271 568 324 plures
602 270 740 323 pueri,
778 269 891 323 quod
924 270 1050 312 hodie
1083 285 1247 326 quoque
1279 271 1325 312 in
1358 270 1535 314 Graecia
1568 275 1726 328 manet,

176 330 300 371 unius
333 344 456 370 curae
490 328 868 370 demandabantur.
919 329 1158 384 principum
1190 330 1365 383 liberos,
1401 330 1510 372 sicut
1540 330 1629 372 fere
1663 331 1724 386 fit,

174 389 246 442 qui
285 388 463 430 scientia
501 387 722 428 videbatur
753 388 1021 443 praecellere,
1053 388 1284 430 erudiebat.
1340 389 1377 430 is
1409 403 1504 430 cum
1536 390 1581 431 in
1612 404 1719 445 pace

173 447 431 489 instituisset
467 461 621 500 pueros
660 449 756 488 ante
797 447 945 488 urbem
977 447 1095 489 lusus
1128 447 1434 502 exercendique
1465 462 1593 490 causa
1624 462 1721 503 pro-

175 506 336 554 ducere,
368 504 478 546 nihil
510 519 558 546 eo
591 520 708 547 more
741 520 815 559 per
845 506 949 547 belli
980 509 1151 560 tempus
1182 507 1440 560 intermisso,
1472 507 1599 549 modo
1628 507 1721 549 bre-

174 565 376 616 vioribus,
408 563 534 605 modo
566 564 831 620 longioribus
865 565 1018 619 spatiis
1049 565 1257 607 trahendo
1290 579 1362 606 eos
1396 580 1420 606 a
1452 567 1589 619 porta,
1622 565 1721 608 lusu

173 623 524 678 sermonibusque
549 623 722 665 variatis
750 623 921 679 longius
949 624 1088 679 solito,
1120 625 1192 666 ubi
1218 639 1284 665 res
1311 624 1440 678 dedit,
1466 638 1720 679 progressus

172 682 285 723 inter
322 682 532 724 stationes
572 697 642 724 eos
679 682 870 724 hostium
908 686 1131 738 castraque
1163 683 1260 724 inde
1293 683 1490 725 Romana
1522 683 1568 724 in
1601 697 1723 738 prae-

171 741 328 782 torium
356 741 407 782 ad
434 740 662 783 Camillum
687 741 895 795 perduxit.
931 742 991 783 ibi
1018 743 1196 784 scelesto
1222 742 1404 784 facinori
1431 741 1722 784 scelestiorem

174 813 413 842 sermonem
458 800 590 842 addit:
645 799 843 858 Falerios·
876 815 919 841 se
958 801 1002 842 in
1041 816 1191 843 manus
1230 801 1437 843 Romanis
1476 801 1724 852 tradidisse,

135 871 141 886 ¹
173 859 342 914 quando
375 874 447 901 eos
480 874 646 914 pueros,
678 873 857 913 quorum
888 863 1085 913 parentes
1119 860 1262 914 capita
1286 860 1347 902 ibi
1373 874 1515 901 rerum
1543 860 1642 913 sint,
1675 860 1721 901 in

176 921 439 972 potestatem
472 918 691 960 dediderit.

292 977 408 1026 Quae
440 977 514 1018 ubi
547 976 752 1019 Camillus
787 976 966 1031 audivit,
999 976 1106 1018 ‘non
1139 977 1191 1018 ad
1223 976 1429 1018 similem'
1464 977 1605 1032 inquit
1636 976 1724 1019 etui

173 1050 250 1077 nec
292 1037 497 1090 populum
541 1051 620 1078 nec
662 1036 962 1090 imperatorem
1006 1037 1208 1078 scelestus
1257 1036 1348 1090 ipse
1393 1049 1490 1077 cum
1543 1037 1722 1078 scelesto

176 1293 378 1338 giinstigen
404 1294 559 1328 Zufalls:
590 1292 664 1328 Der
688 1292 823 1328 Vertat
848 1293 912 1327 des

176 1340 460 1376 Schulmeisters
492 1340 634 1375 verlieh
665 1340 748 1375 dem
782 1340 915 1375 Camil—

175 1387 233 1422 lus
278 1387 447 1433 zugleich
492 1387 635 1423 sowohl
678 1388 758 1422 eine
796 1387 914 1422 Probe

175 1435 295 1470 seiner
320 1435 455 1470 bereits
480 1434 531 1469 im
551 1435 686 1480 Kriege
711 1434 915 1470 erkannten

176 1482 429 1526 Tfichtigkeit,
450 1483 590 1517 welche
605 1482 683 1517 sich
697 1482 801 1516 nieht
815 1482 915 1517 eines

174 1530 369 1564 Verraters
385 1529 566 1564 bedienen
581 1530 739 1573 mochte,
755 1529 809 1564 als
822 1529 916 1564 auch

175 1577 283 1612 einen
302 1577 457 1611 raschen
473 1577 560 1622 Sieg
574 1576 690 1611 durch
704 1576 914 1621 freiwillige

174 1623 460 1669 Unterwerfung
486 1624 550 1658 der
575 1624 807 1668 Belagerten.

221 1671 284 1706 27.
314 1676 343 1705 1.
370 1682 444 1706 mos
469 1672 562 1717 erat]
591 1670 649 1706 bei
675 1671 819 1705 Namen
842 1682 915 1705 von

174 1717 339 1753 Volkern
370 1731 404 1753 u.
431 1718 615 1753 Personen
640 1718 709 1752 mit
735 1718 818 1752 dem
843 1718 914 1752 Da-

173 1765 227 1800 tiv
264 1765 373 1810 (Kap.
400 1770 455 1809 39,
485 1768 534 1810 1),
577 1766 637 1800 bei
674 1765 913 1800 Kollektiven

173 1812 243 1847 mit
263 1814 345 1847 dem
367 1812 455 1848 Gen.
478 1813 584 1858 (Kap.
602 1816 656 1855 28,
671 1817 703 1847 3.
725 1816 780 1856 21,
796 1816 851 1855 20,
868 1813 914 1856 1).

174 1860 226 1894 Zu
263 1871 337 1895 mos
374 1864 424 1895 est
456 1862 549 1895 setzt
579 1859 705 1895 Livius
738 1859 912 1895 meistens

174 1907 246 1942 den
259 1906 433 1950 Infinitiv,
455 1907 581 1943 Cicero
600 1908 637 1942 in
658 1908 723 1941 der
735 1907 851 1951 Rege]
864 1910 914 1941 ut.

221 1955 353 2000 eodem]
382 1972 426 1983 =
452 1956 568 1990 eodem
593 1955 741 1990 homine.

225 2002 435 2048 liberorum]
464 2001 511 2036 So
537 2002 629 2036 wird
655 2003 719 2036 der
738 2000 829 2036 Gen.
855 2001 915 2036 bei

175 2047 265 2082 zwei
277 2047 542 2083 Substantiven
555 2047 731 2083 zuweilen
745 2048 914 2093 gestellt:

174 2094 266 2140 Kap.
294 2100 349 2138 35,
377 2100 397 2130 5
441 2097 554 2131 socios
585 2096 719 2140 populi
755 2095 915 2131 Romani

174 2146 280 2187 atque
305 2144 447 2178 amieos.

220 2189 293 2234 uti]
328 2190 366 2223 In
394 2190 488 2224 Rom
517 2189 684 2234 dagegen
710 2189 912 2224 unterrich-

174 2239 251 2271 tete
289 2237 388 2272 wohl
426 2238 485 2271 ein
516 2236 653 2272 Lehrer
685 2236 743 2271 die
775 2235 915 2271 Kinder

174 2284 361 2319 mehrerer
391 2283 574 2319 Familien
607 2284 695 2328 (vgl.
723 2288 756 2327 3,
783 2288 839 2327 44,
862 2287 912 2327 6),

176 2331 264 2365 aber
283 2343 345 2365 zur
365 2331 698 2376 Beaufsichtigung
717 2330 914 2365 derselben

175 2377 270 2412 hielt
294 2390 415 2423 gegen
441 2378 504 2413 das
523 2378 625 2412 Ende
646 2378 710 2412 der
729 2377 914 2423 Republik

172 2425 280 2470 jeder
290 2426 531 2460 vornehmere
539 2426 674 2460 Romer
681 2426 789 2460 einen
796 2425 912 2460 P'ada-

177 2482 308 2517 gogen.

222 2520 316 2554 sicut
340 2521 413 2562 fere
437 2520 494 2565 fit]
530 2519 771 2555 Gewohnlich
803 2519 916 2554 heisst

177 2578 216 2601 es
241 2566 355 2601 bloss·
382 2570 423 2601 ut
447 2568 488 2609 fit
515 2566 619 2611 (Kap
647 2571 701 2609 32,
724 2571 769 2609 7),
797 2567 915 2601 selten

176 2617 217 2648 ut
247 2615 320 2656 fere
350 2614 391 2656 fit
417 2616 463 2658 (1,
484 2618 539 2656 46,
562 2619 612 2657 7),
644 2618 685 2649 ut
704 2615 916 2659 plerumque

176 2661 253 2704 fit(
243 2663 290 2704 (4,
312 2664 368 2703 52,
389 2665 426 2704 4,
453 2665 509 2704 21,
530 2665 563 2704 4,
586 2642 631 2705 1').

224 2712 256 2743 2.
283 2709 383 2743 lusus
402 2709 654 2752 exercendique
674 2709 800 2754 eausa]
818 2726 860 2737 =
874 2712 915 2744 ut

178 2755 339 2790 luderent
373 2759 405 2790 et
430 2759 674 2791 eaeereerentur
701 2756 747 2800 (d.
774 2755 810 2790 h.
838 2767 913 2791 cor-

174 2812 267 2846 pora
293 2805 516 2847 exercerent).

225 2850 412 2895 trahendo]
441 2867 485 2879 =
510 2860 586 2885 enm
627 2850 814 2893 traxisset,
855 2850 913 2885 ein

615 1095 738 1137 nobis
777 1109 872 1136 cum
905 1094 1100 1150 Faliscis,
1140 1109 1245 1150 quae
1284 1097 1411 1149 pacto
1443 1095 1494 1136 fit
1523 1095 1726 1149 humano,

1662 1157 1727 1196 est

989 1292 1112 1328 Mittel
1125 1305 1169 1328 zu
1177 1304 1402 1339 proqressus,
1418 1294 1507 1329 aber
1514 1304 1579 1329 vor
1587 1293 1727 1329 diesem

988 1351 1211 1386 vergangen.

1034 1389 1147 1434 dedit]
1169 1388 1245 1422 scil.
1267 1389 1317 1423 id.
1344 1387 1428 1433 Vgl.
1452 1391 1508 1432 28,
1530 1391 1562 1432 5,
1577 1392 1597 1423 9
1614 1392 1727 1433 prout

987 1438 1124 1479 tempus
1149 1447 1192 1470 ae
1216 1446 1271 1470 res
1295 1436 1439 1470 sineret.

1034 1483 1144 1528 inter]
1192 1482 1346 1517 ‘mitten
1380 1483 1418 1517 in
1451 1510 1458 1516 .
1486 1512 1493 1519 .
1521 1510 1529 1518 .
1562 1482 1725 1518 hinein'.

987 1529 1073 1564 Man
1095 1531 1287 1564 erwartet:
1312 1530 1406 1564 inter
1424 1531 1597 1565 stationes
1619 1530 1726 1575 (Kap.

987 1581 1043 1620 46,
1066 1580 1100 1620 1)
1128 1604 1134 1610 .
1164 1604 1170 1611 .
1199 1605 1206 1612 .
1233 1581 1265 1611 et
1284 1588 1351 1622 per
1377 1581 1507 1612 castra.

1034 1628 1066 1658 4.
1106 1624 1268 1670 qnando]
1307 1624 1458 1667 kausal,

986 1672 1138 1716 quidem.
1176 1670 1260 1715 Vgl.
1287 1671 1381 1716 Kap.
1404 1675 1458 1715 13,
1479 1675 1511 1706 5.

1035 1719 1173 1764 capita]
1201 1735 1245 1746 =
1267 1719 1463 1763 principes.
1493 1722 1524 1762 1,
1544 1722 1602 1762 52,
1621 1722 1644 1752 4
1668 1729 1726 1754 ca-

981 1767 1066 1811 pita
1090 1766 1249 1801 nominis
1268 1765 1402 1800 Latini
1410 1780 1418 1808 ς
1444 1769 1500 1809 28,
1521 1768 1577 1810 35,
1600 1769 1642 1801 12
1669 1776 1726 1801 ca·

981 1817 1052 1858 put
1077 1824 1196 1847 reo-nm
1215 1814 1257 1847 in
1276 1814 1374 1848 omni
1392 1813 1546 1848 hostium
1565 1813 1728 1858 equitatu

988 1860 1149 1895 Masinis
1136 1871 1228 1896 sam
1251 1861 1375 1903 fuisse

1033 1909 1074 1942 in
1105 1908 1331 1960 potestatem]
1371 1906 1449 1942 scil.
1487 1917 1619 1942 eoo-‚um
1679 1907 1727 1942 So

986 1955 1109 1989 finden
1147 1953 1227 1989 sich
1259 1956 1353 1989 ohne
1385 1954 1540 1999 Angabe
1571 1954 1636 1989 der
1667 1953 1727 1989 die

987 2000 1132 2036 Gewalt
1157 2001 1391 2037 besitzenden
1419 2002 1572 2037 Person:
1599 2002 1641 2036 in
1660 2012 1727 2046 po

986 2053 1108 2083 testate
1133 2060 1203 2084 esse
1222 2051 1292 2091 (25,
1313 2052 1369 2091 20,
1390 2052 1428 2091 2,
1455 2052 1511 2091 35,
1532 2052 1589 2091 42,
1609 2052 1658 2092 4),
1684 2050 1726 2083 in

985 2100 1191 2139 potestatem
1215 2097 1334 2130 zenire
1355 2099 1402 2139 (8,
1421 2099 1478 2138 20,
1499 2099 1519 2129 6
1546 2108 1579 2130 n.
1606 2099 1662 2139 25,
1683 2099 1722 2138 4,

988 2147 1020 2186 9,
1041 2147 1095 2186 38,
1120 2145 1165 2186 1),
1191 2144 1231 2177 in
1251 2154 1290 2187 p.
1317 2143 1405 2177 dare
1430 2144 1476 2187 (8,
1497 2146 1554 2186 24,
1574 2144 1621 2188 8).

1034 2194 1064 2224 6.
1077 2190 1182 2235 qnae]
1194 2190 1374 2234 =qualis.
1389 2189 1725 2235 DerVerbindung,

986 2236 1126 2272 welche
1164 2237 1279 2271 durch
1312 2237 1420 2272 einen
1451 2237 1612 2282 Vertrag
1641 2237 1726 2272 zwi-

986 2285 1098 2319 schen
1118 2284 1208 2319 zwei
1223 2284 1376 2319 Staaten
1393 2284 1631 2330 geschlossen
1650 2285 1726 2319 und

986 2332 1052 2366 auf
1070 2331 1271 2366 besondere
1289 2331 1726 2376 Rechtsbestimmungen

986 2378 1197 2423 gegrfindet
1228 2378 1339 2423 wird,
1374 2378 1476 2414 steht
1507 2376 1567 2413 die
1598 2381 1726 2413 natt'ir-

986 2425 1084 2460 liche
1113 2425 1364 2471 Vereinigung
1389 2424 1614 2471 gegem‘iber,
1639 2426 1725 2461 wel-

987 2474 1054 2508 che
1087 2474 1154 2508 auf
1182 2473 1265 2508 dem
1298 2473 1545 2518 allgemeinen
1570 2472 1725 2508 Volker-

986 2521 1091 2555 recht
1126 2520 1272 2556 beruht.
1329 2519 1377 2555 So
1415 2519 1507 2553 wird
1537 2522 1575 2560 4,
1610 2523 1669 2562 19,
1703 2524 1723 2555 3

987 2567 1052 2601 der
1071 2567 1363 2612 Vejenterkonig
1383 2566 1611 2610 Tolumnius,
1637 2566 1722 2602 wel-

988 2615 1073 2652 cher
1098 2614 1158 2648 die
1177 2614 1382 2649 Fidenaten
1408 2624 1490 2647 zum
1510 2613 1635 2648 Abfall
1652 2625 1724 2649 von

986 2661 1079 2696 Rom
1105 2661 1180 2695 und
1203 2673 1266 2695 zur
1284 2660 1518 2705 Ermordung
1542 2661 1643 2695 einer
1667 2665 1724 2696 ro-

986 2709 1153 2743 mischen
1197 2707 1485 2743 Gesandtschaft
1527 2706 1725 2743 {iberi-edet

986 2755 1107 2798 hatte,
1144 2755 1359 2790 bezeichnet
1394 2755 1449 2790 als
1486 2758 1616 2799 ruptor
1651 2756 1723 2798 foe-

985 2803 1082 2838 deris
1121 2803 1273 2837 humani
1308 2802 1529 2847 violatorque
1563 2803 1724 2847 yentium

985 2861 1088 2885 mres.

1581 1625 1727 1669 quando
