1794 3084
595 304 915 352 PERIOCHA
953 304 1126 351 LIBRI
1163 304 1268 352 VII.

272 419 366 460 Duo
405 419 506 460 novi
545 419 823 474 magistratus
866 419 1020 461 adiecti
1062 422 1177 474 sunt,
1221 422 1426 475 praetura
1472 423 1515 462 et
1552 421 1709 464 curulis

154 479 361 521 aedilitas.
424 478 672 532 pestilentia
710 479 859 520 civitas
892 479 1121 532 laboravit,
1154 493 1331 533 eamque
1363 479 1577 534 insignem
1609 480 1711 522 fecit
1772 498 1778 519 .;

153 552 268 579 mors
302 537 403 578 Furi
437 536 622 579 Camilli.
679 538 797 578 cuius
837 537 1071 578 remedium
1112 540 1154 578 et
1191 537 1288 578 finis
1330 552 1425 579 cum
1465 553 1540 592 per
1575 553 1710 581 novas

153 596 380 651 religiones
415 599 707 650 quaereretur,
746 596 835 637 ludi
874 597 1055 637 scaenici
1094 599 1193 637 tunc
1236 596 1418 650 primum
1455 597 1560 639 facti
1599 601 1711 640 sunt.

107 666 126 697 5
155 669 250 696 cum
285 655 372 695 dies
406 654 451 695 L.
479 654 639 696 Manlio
674 655 788 697 dicta
820 659 931 696 esset
965 671 988 696 a
1015 655 1069 696 M.
1096 654 1334 709 Pomponio
1367 655 1540 698 tribuno
1573 656 1711 710 plebis

153 717 329 768 propter
361 713 562 754 dilectum
596 714 745 755 acerbe
779 717 920 755 actum
948 717 990 755 et
1021 713 1067 755 T.
1097 713 1305 755 Manlium
1336 714 1473 755 filium
1504 729 1576 757 rus
1607 716 1710 757 rele-

154 776 302 827 gatum
337 772 427 813 sine
460 773 547 813 ullo
582 773 770 826 crimine,
803 773 1051 814 adulescens
1079 773 1184 826 ipse,
1217 773 1335 814 cuius
1362 773 1570 826 relegatio
1596 775 1711 829 patri

155 831 428 880 obiciebatur,
460 832 579 872 venit
605 832 649 872 in
676 832 916 872 cubiculum
943 832 1108 872 tribuni
1135 831 1366 886 strictoque
1394 832 1538 887 gladio
1572 833 1713 888 coegit

154 905 250 931 eum
276 891 321 931 in
347 890 477 931 verba
505 905 580 931 sua
607 890 749 932 iurare
777 905 820 932 se
848 905 932 931 non
962 893 1332 944 perseveraturum
1359 890 1404 932 in
1430 892 1712 934 accusatione.

85 960 127 991 10
155 951 270 1001 [cum
301 949 468 990 telluris
501 948 623 990 hiatu
654 952 748 990 tota
782 950 833 990 ad
866 949 1065 990 ultimum
1092 950 1243 990 territa
1269 950 1408 1003 patria
1434 950 1574 1004 foret,]
1607 953 1710 992 tunc

156 1008 301 1049 omnia
332 1008 522 1061 pretiosa
554 1009 686 1049 missa
720 1010 819 1049 sunt
851 1008 896 1049 in
929 1009 1167 1062 praealtam
1200 1008 1451 1063 voraginem
1477 1009 1594 1050 urbis
1626 1009 1711 1051 Ro-

1785 868 1789 902 l.‚.
1782 807 1789 859 <vu

154 1081 318 1108 manae.
368 1067 411 1107 in
445 1081 538 1108 eam
566 1065 739 1108 Curtius
774 1071 965 1108 armatus
1000 1067 1149 1108 sedens
1183 1081 1293 1121 equo
1325 1068 1636 1123 praecipitavit,
1670 1072 1713 1110 et
1766 1066 1787 1106 ,³

155 1126 323 1179 expleta
365 1129 438 1167 est.
501 1126 546 1166 T.
580 1125 764 1167 Manlius
810 1126 1078 1179 adulescens,
1117 1126 1189 1180 qui
1228 1129 1394 1179 patrem
1428 1141 1452 1167 a
1483 1127 1714 1169 tribunicia

154 1184 380 1226 vexatione
420 1184 730 1239 vindicaverat,
776 1188 926 1226 contra
965 1184 1138 1226 Gallum
1184 1188 1490 1239 provocantem
1528 1186 1713 1241 aliquem

86 1253 127 1284 15
157 1257 206 1284 ex
245 1243 456 1284 militibus
488 1243 696 1284 Romanis
738 1244 783 1284 in
824 1243 1042 1298 singulare
1082 1246 1297 1285 certamen
1330 1244 1547 1298 descendit,
1589 1245 1712 1299 eique

155 1302 295 1343 occiso
329 1305 527 1356 torquem
559 1317 733 1343 aureum
767 1302 966 1356 detraxit,
1002 1317 1126 1357 quem
1153 1303 1244 1356 ipse
1269 1305 1421 1356 postea
1445 1303 1560 1357 tulit,
1592 1306 1635 1344 et
1661 1318 1711 1345 ex

155 1374 203 1401 eo
237 1360 479 1415 Torquatus
513 1363 579 1401 est
610 1364 892 1415 nuncupatus.
957 1361 1064 1402 duae
1096 1361 1234 1402 tribus
1268 1361 1449 1412 additae,
1481 1361 1714 1416 Pomptina

154 1422 197 1459 et
228 1419 429 1460 Publilia.
486 1419 672 1461 Licinius
707 1418 826 1461 Stolo
859 1421 953 1474 lege
986 1434 1012 1461 a
1043 1434 1082 1461 se
1114 1420 1204 1460 lata
1236 1419 1464 1461 damnatus
1491 1424 1566 1474 est,
1599 1421 1712 1476 quod

154 1478 250 1531 plus
297 1479 542 1532 quingentis
588 1479 807 1533 iugeribus
848 1479 943 1533 agri
987 1478 1234 1533 possideret.
1298 1478 1354 1521 M.
1393 1479 1592 1521 Valerius
1631 1480 1709 1521 tri-

82 1547 127 1579 20
154 1537 292 1577 bunus
320 1537 508 1577 militum
529 1537 712 1591 Gallum,
739 1552 763 1578 a
789 1552 872 1591 quo
899 1542 1157 1590 provocatus
1185 1540 1288 1590 erat,
1321 1537 1533 1579 insidente
1561 1539 1710 1592 galeae

155 1609 282 1636 corvo
317 1599 360 1636 et
391 1596 608 1650 unguibus
641 1598 865 1650 rostroque
897 1596 1067 1637 hostem
1106 1596 1339 1638 infestante
1373 1597 1547 1651 occidit,
1585 1601 1629 1638 et
1660 1611 1712 1638 ex

155 1668 204 1696 eo
231 1653 406 1696 Corvini
434 1669 591 1696 nomen
618 1656 794 1709 accepit,
828 1656 1061 1709 consulque
1088 1655 1280 1708 proximo
1308 1670 1428 1708 anno,
1455 1670 1550 1697 cum
1578 1670 1711 1697 annos

153 1712 310 1768 viginti
341 1716 428 1754 tres
471 1713 666 1764 haberet,
711 1714 764 1755 ob
811 1714 1014 1755 virtutem
1054 1717 1220 1755 creatus
1259 1716 1335 1756 est.
1397 1714 1586 1756 amicitia
1616 1729 1712 1756 cum

155 1769 586 1827 Carthaginiensibus
631 1773 776 1814 iuncta
821 1775 897 1814 est.
954 1771 1180 1826 Campani,
1235 1787 1331 1814 cum
1377 1788 1402 1814 a
1446 1772 1712 1814 Samnitibus

83 1840 126 1872 25
154 1830 268 1871 bello
304 1834 571 1884 urgerentur,
605 1831 762 1872 auxilio
798 1832 1000 1872 adversus
1033 1845 1105 1872 eos
1133 1846 1157 1872 a
1184 1835 1335 1872 senatu
1367 1831 1514 1886 petito,
1547 1846 1642 1873 cum
1668 1831 1712 1873 id

152 1904 241 1930 non
274 1889 571 1945 impetrarent,
603 1891 751 1931 urbem
786 1893 827 1930 et
861 1904 988 1944 agros
1032 1891 1189 1944 populo
1220 1890 1417 1932 Romano
1450 1890 1711 1932 dediderunt.

155 1948 208 1989 ob
237 1962 365 2001 quam
392 1963 566 1990 causam
599 1964 659 2002 ea,
693 1963 800 2003 quae
834 1949 983 2002 populi
1008 1948 1192 1990 Romani
1217 1948 1332 1990 facta
1358 1952 1512 2002 essent,
1543 1948 1713 1990 defendi
1773 2002 1778 2008 q

153 2006 268 2047 bello
303 2007 506 2048 adversus
540 2007 755 2049 Samnites
788 2008 961 2061 placuit.
1012 2022 1107 2048 cum
1141 2008 1194 2048 ab
1227 2007 1278 2048 A.
1306 2005 1504 2049 Cornelio
1537 2007 1712 2050 consule

156 2065 365 2106 exercitus
410 2066 455 2106 in
499 2067 639 2107 locum
684 2066 877 2120 iniquum
923 2066 1127 2106 deductus
1180 2066 1224 2106 in
1266 2080 1423 2120 magno
1469 2066 1712 2108 discrimine

84 2133 128 2164 30
156 2126 285 2176 esset,
319 2124 362 2164 P.
397 2123 501 2165 Deci
534 2124 667 2165 Muris
700 2125 862 2165 tribuni
895 2124 1081 2166 militum
1120 2139 1251 2178 opera
1290 2128 1485 2166 servatus
1518 2127 1600 2179 est,
1639 2125 1712 2179 qui

155 2185 362 2235 occupato
396 2183 504 2223 colle
539 2197 667 2236 super
704 2183 746 2223 id
773 2185 940 2236 iugum,
972 2183 1016 2223 in
1055 2197 1138 2237 quo
1173 2182 1386 2225 Samnites
1420 2184 1712 2238 consederant,

156 2241 424 2281 occasionem
465 2241 630 2282 consuli
668 2241 710 2282 in
751 2242 993 2296 aequiorem
1040 2241 1181 2282 locum
1213 2242 1418 2283 evadendi
1450 2242 1587 2296 dedit3
1618 2241 1712 2295 ipse
1756 2275 1776 2281 ff.

156 2299 209 2339 ab
247 2299 445 2340 hostibus
490 2300 794 2341 circumsessus
840 2301 991 2354 erupit.
1054 2314 1149 2341 cum
1194 2300 1352 2341 milites
1389 2300 1593 2354 Romani,
1639 2301 1711 2354 qui

156 2356 327 2410 Capuae
373 2358 418 2398 in
462 2359 678 2413 praesidio
718 2359 856 2399 relicti
901 2361 1039 2412 erant,
1085 2359 1136 2399 de
1182 2359 1429 2413 occupanda
1471 2359 1575 2400 urbe
1613 2373 1709 2400 con-

84 2426 128 2458 35
156 2417 391 2470 spirassent
423 2420 466 2457 et
498 2417 664 2458 detecto
698 2417 879 2458 consilio
913 2421 1029 2458 metu
1056 2417 1253 2471 supplicii
1280 2432 1304 2458 a
1330 2418 1488 2472 populo
1516 2417 1710 2459 Romano
1756 2443 1758 2446 >

156 2475 431 2528 defecissent,
463 2491 537 2529 per
569 2475 623 2517 M.
656 2475 877 2516 Valerium
911 2474 1098 2517 Corvum
1131 2476 1395 2531 dictatorem,
1427 2477 1498 2530 qui
1530 2475 1710 2518 consilio

155 2548 230 2574 suo
264 2548 336 2575 eos
363 2548 387 2574 a
413 2533 556 2575 furore
589 2538 876 2586 revocaverat,
908 2535 1074 2588 patriae
1106 2535 1296 2576 restituti
1329 2538 1440 2576 sunt.
1489 2549 1557 2576 res
1590 2548 1708 2588 prae·

154 2595 271 2633 terea
305 2596 453 2633 contra
484 2593 693 2634 Hernicos
727 2595 769 2634 et
801 2591 950 2634 Gallos
990 2596 1031 2633 et
1063 2593 1262 2634 Tiburtes
1295 2596 1338 2634 et
1368 2592 1636 2634 Privernates
1668 2594 1711 2633 et
1752 2608 1756 2613 ·

155 2650 487 2705 Tarquinienses
521 2655 563 2693 et
590 2651 804 2694 Samnites
832 2653 874 2692 et
900 2650 1080 2693 Volscos
1107 2666 1308 2706 prospere
1335 2654 1480 2707 gestas
1506 2651 1710 2693 continet.
