1794 3084
113 113 139 153 4
684 111 829 147 LIBER
855 111 897 147 V.
943 110 1043 146 CAP.
1071 115 1102 147 2.

1465 128 1490 147 a.
1510 129 1540 147 u.
1561 128 1584 147 c.
1605 122 1670 148 351.

67 231 86 262 6
115 220 348 262 commodis
393 234 539 261 eorum
583 222 738 273 posset.
806 219 949 260 vexari
994 220 1216 273 praeterea
1260 221 1302 259 et
1346 218 1486 274 subigi
1531 219 1666 262 multo

115 280 253 320 acrius
299 293 426 332 quam
465 277 684 330 Veientes3
732 277 887 332 quippe
926 276 1027 318 illos
1071 276 1256 318 hiemem
1295 276 1372 318 sub
1418 277 1542 319 tectis
1581 277 1668 319 suis

67 348 86 379 ἰ·
116 351 252 391 agere,
286 336 469 391 egregiis
503 336 636 377 muris
664 336 831 390 situque
856 335 1044 376 naturali
1070 335 1217 376 urbem
1249 337 1452 389 tutantes,
1485 335 1669 377 militem

115 396 354 437 Romanum
400 396 443 435 in
483 408 609 447 opere
654 408 702 435 ac
746 394 910 447 labore,
954 393 1123 435 nivibus
1167 393 1414 448 pruinisque
1454 393 1669 448 obrutum,

114 455 191 495 sub
225 454 408 509 pellibus
442 452 611 503 durare,
649 467 702 493 ne
740 452 892 493 hiemis
926 452 1096 506 quidem
1138 452 1296 506 spatio,
1335 465 1442 505 quae
1474 452 1668 494 omnium

65 525 86 555 8
114 512 321 554 bellorum
372 514 487 551 terra
539 510 730 565 marique
781 511 839 551 sit
883 511 1018 564 quies,
1070 525 1189 551 arma
1233 510 1526 563 deponentem.
1588 510 1670 552 hoc

114 585 250 625 neque
277 584 410 625 reges,
437 584 573 624 neque
602 572 700 610 ante
727 569 1000 611 tribuniciam
1026 571 1284 622 potestatem
1312 571 1498 610 creatam
1525 582 1669 634 super-

113 630 189 670 bos
221 629 318 670 illos
323 603 563 683 Dconsules,
593 642 731 694 neque
757 628 881 669 triste
908 628 1128 669 dictatoiis
1158 627 1397 680 imperium,
1428 640 1565 681 neque
1590 626 1667 667 im-

112 690 319 741 portunos
347 687 607 728 decemviros
635 687 871 728 iniunxisse
893 686 1125 739 servitutis,
1150 687 1198 726 ut
1218 699 1448 739 perennem
1467 684 1668 726 militiam

113 747 312 800 facerent,
344 745 455 799 quod
486 746 647 786 tribuni
681 745 863 786 militum
894 745 939 786 in
971 745 1093 798 plebe
1115 719 1318 785 'Romana
1343 757 1522 798 regnum
1555 757 1669 785 exer-

65 817 85 847 9
114 808 270 846 cerent.
333 804 536 858 quidnam
567 804 630 844 illi
663 805 857 845 consules
892 803 1174 844 dictatoresve
1207 802 1361 844 facturi
1393 803 1554 854 essent,
1596 801 1670 856 qui

113 863 465 918 proconsularem
497 863 728 916 imaginem
761 866 850 903 tam
878 876 1051 903 saevam
1079 875 1127 902 ac
1158 863 1323 902 trucem
1354 859 1561 902 fecerint?
1594 860 1668 901 sed

113 922 156 963 id
189 922 377 964 accidere
409 921 523 962 haud
555 921 783 962 immerito.
833 934 919 961 non
945 919 1076 960 fuisse
1102 933 1154 960 ne
1186 920 1231 960 in
1263 922 1359 961 octo
1392 919 1564 973 quidem
1593 918 1668 959 tri-

44 993 87 1024 10
113 981 240 1022 bunis
273 980 460 1021 militum
491 980 631 1020 locum
663 979 739 1019 ulli
771 979 948 1032 plebeio.
1011 980 1140 1019 antea
1169 978 1284 1032 triga
1315 978 1411 1018 loca
1442 991 1538 1019 cum
1570 990 1667 1019 000-

114 1039 301 1080 1011110Πο
335 1052 500 1079 summa
531 1037 734 1091 patricios
767 1037 933 1093 explere
967 1036 1137 1089 solitos,
1174 1050 1288 1077 0000
1327 1036 1414 1076 iam
1446 1035 1666 1090 octoiuges

115 1098 167 1138 ad
199 1097 380 1151 imperia
413 1096 646 1137 obtinenda
677 1096 750 1149 ire,
783 1098 825 1136 01
855 1110 907 1136 00
940 1095 985 1136 10
1016 1096 1143 1136 turba
1176 1094 1346 1148 quidem
1377 1094 1551 1135 haerere
1581 1094 1670 1147 ple-

45 1169 85 1200 11
114 1157 255 1197 beium
282 1170 549 1209 quemquam,
577 1155 661 1208 qui,
689 1155 723 1195 si
750 1154 861 1195 nihil
888 1153 1015 1207 aliud,
1041 1153 1269 1194 admoneat
1295 1152 1483 1207 collegas
1508 1151 1668 1194 liberos

46 1227 87 1258 12
115 1218 157 1256 et
194 1215 305 1256 cives
345 1228 509 1267 eorum,
553 1228 640 1254 non
680 1227 824 1254 servos
863 1213 1066 1266 militare,
1112 1226 1217 1266 quos
1256 1211 1395 1252 hieme
1434 1211 1588 1252 saltem
1625 1210 1670 1251 in

115 1273 262 1315 domos
290 1287 337 1314 ac
363 1275 477 1313 tecta
502 1272 644 1313 reduci
672 1274 868 1325 oporteat
888 1274 929 1312 et
957 1271 1099 1324 aliquo
1127 1275 1319 1323 tempore
1344 1269 1446 1310 anni
1471 1270 1670 1323 parentes

115 1332 356 1385 liberosque
383 1345 431 1372 ac
457 1331 658 1385 coniuges
680 1330 863 1371 invisere
890 1332 932 1371 et
957 1343 1163 1383 usurpare
1190 1328 1434 1369 libertatem
1459 1330 1503 1368 01
1527 1341 1671 1369 creare

114 1391 408 1445 magistratus.

45 1461 86 1493 13
232 1448 349 1490 Haec
399 1448 588 1501 taliaque
633 1448 916 1489 vociferantes
970 1446 1261 1487 adversarium
1304 1445 1416 1486 haud
1460 1444 1671 1498 imparem

114 1507 229 1550 nacti
268 1510 368 1548 sunt
406 1506 487 1561 Ap.
524 1505 766 1556 Claudium,
810 1505 1005 1546 relictum
1052 1519 1076 1545 a
1114 1504 1289 1558 collegis
1330 1503 1382 1544 ad
1418 1503 1670 1544 tribunicias

161 1627 192 1658 6.
230 1622 387 1667 situque]
427 1621 495 1656 Die
530 1622 631 1666 Burg
665 1632 736 1656 von
771 1620 855 1665 Veji

113 1670 177 1713 lag
214 1669 280 1704 auf
325 1669 444 1703 einem
488 1669 679 1703 isolierten
723 1667 854 1702 Felsen

113 1717 295 1751 zwischen
321 1716 392 1750 den
418 1715 506 1749 zwei
528 1714 688 1757 Bachen,
715 1714 854 1749 welche

113 1763 151 1798 in
185 1763 256 1798 den
282 1763 457 1797 Kremera
488 1761 854 1804 zusammenfliessen,

115 1810 173 1845 die
201 1810 308 1845 stadt
339 1810 427 1844 aber
459 1808 525 1844 auf
554 1809 655 1843 einer
686 1819 758 1843 von
791 1808 856 1842 der

114 1857 214 1901 Burg
239 1857 462 1901 getrennten
479 1856 647 1899 Αο110110,
675 1856 740 1901 272
769 1866 854 1900 geo·

114 1904 243 1949 graph.
272 1903 409 1938 Meilen
435 1914 507 1938 von
531 1902 636 1938 Rom.

162 1955 194 1985 8.
237 1952 301 1985 hoc
427 1950 611 1985 servitutis
648 1949 725 1983 und
761 1949 857 1993 quod

115 2000 174 2041 (=
200 1997 282 2041 wie)
319 2024 326 2032 .
348 2023 384 2032 ..
424 2007 574 2041 reynum
611 1996 857 2040 entsprechen

115 2044 211 2087 sich3
252 2055 334 2077 zum
373 2044 495 2077 ersten
526 2042 606 2077 Teil
638 2042 721 2076 tritt
758 2042 857 2076 dann

115 2092 211 2126 noch
238 2091 297 2124 die
325 2090 496 2124 016100ᾶο
516 2088 725 2134 Erklarung
750 2092 791 2123 ut

115 2139 284 2181 facerent.

163 2186 204 2219 in
215 2184 329 2229 plebe]
356 2182 428 2217 Der
439 2182 591 2217 Ablativ
606 2182 708 2216 steht
722 2182 856 2216 ebenso

117 2236 155 2274 6,
183 2234 245 2274 22,
271 2235 294 2265 4
325 2231 425 2273 foede
455 2231 496 2263 in
527 2231 645 2273 captis
675 2240 859 2263 eaeereuere

118 2279 305 2313 victoriam
345 2277 435 2321 (vgl.
462 2277 554 2321 Kap.
585 2280 644 2319 11,
679 2279 721 2310 16
753 2288 786 2310 u.
819 2275 857 2320 3,

121 2329 179 2368 17,
219 2327 274 2369 8),
321 2324 489 2369 dagegen
534 2322 598 2357 der
635 2322 763 2357 Aecus.
801 2325 858 2366 29,

121 2375 246 2415 17,13
272 2372 384 2406 scelus
409 2370 662 2424 libidinemque
682 2373 713 2404 et
738 2370 857 2404 avari-

117 2419 207 2453 tiam
233 2428 391 2453 exercere
416 2418 457 2451 in
481 2417 603 2451 socios.

166 2469 197 2500 9.
223 2465 297 2511 illi]
326 2481 368 2493 =
395 2465 538 2499 tribuni
562 2464 726 2498 militum.

118 2508 860 2602 1101001101100010ἓξὲξ

119 2606 304 2641 bolischer
339 2604 550 2647 Ausdruck‚
590 2603 695 2638 einen
728 2602 860 2637 Unter-

120 2652 249 2687 schied
274 2653 311 2687 in
332 2653 395 2687 der
414 2650 660 2696 Amtsgewalt
680 2650 744 2684 der
763 2649 859 2684 Kon-

121 2699 204 2733 suln
224 2699 299 2734 und
318 2699 383 2734 der
403 2710 451 2733 an
472 2698 585 2733 Stelle
607 2697 673 2732 der
693 2697 860 2732 Koneuln

121 2747 181 2789 (=
202 2757 273 2790 pro
299 2747 519 2789 consulibus)
552 2744 763 2789 gew'ahlten
794 2744 859 2778 tri-

121 2793 210 2872 gum'
229 2793 384 2828 militum
404 2792 588 2828 consulari
600 2794 775 2836 potestate
797 2801 859 2825 an-

148 2839 293 2875 entend.

926 1619 1065 1700 Kocto]
1105 1609 1204 1654 Uber
1242 1619 1312 1653 den
1347 1618 1482 1653 Irrtum
1519 1616 1593 1662 vgl.
1628 1628 1671 1652 zu

962 1678 1019 1710 ap.
1048 1673 1078 1709 1,
1107 1669 1138 1700 2.

977 1717 1030 1747 10.
1069 1712 1187 1758 trina]
1216 1713 1309 1746 statt
1333 1715 1448 1755 terna,
1483 1711 1568 1746 weil
1593 1711 1672 1746 loca

930 1759 1200 1794 ‘Amtsstelleffl
1211 1758 1504 1794 vorherrschend
1511 1758 1563 1792 im
1571 1758 1670 1793 Plur.

927 1807 1132 1851 gebraucht
1166 1806 1268 1840 wird.
1323 1805 1408 1850 Vgl.
1436 1805 1538 1840 Caes.
1564 1804 1599 1839 b.
1627 1804 1670 1840 G.

930 1858 961 1898 1,
988 1857 1043 1896 53,
1071 1858 1091 1888 5
1117 1854 1225 1887 trinis
1250 1854 1386 1888 eatenis
1410 1853 1562 1888 vinetus,

975 1899 1090 1945 nune]
1119 1899 1297 1934 zuweilen
1322 1899 1361 1934 10
1387 1898 1446 1934 Or.
1473 1899 1546 1933 obl.
1574 1898 1670 1933 statt

928 1951 1014 1982 tum.

976 1991 1170 2038 oetoz’uyes]
1189 1991 1466 2036 ‘achtspannig’
1485 1990 1672 2035 (einsonst

929 2053 996 2075 nur
1027 2041 1123 2074 noch
1160 2039 1221 2073 bei
1253 2037 1459 2074 Tertullian
1496 2037 1670 2073 vorkom-

929 2086 1079 2122 mendes
1107 2085 1240 2129 Wort)‚
1265 2084 1572 2120 wahrscheinlich
1599 2095 1672 2119 von

931 2134 1000 2168 den
1026 2133 1188 2167 Fahrten
1219 2133 1271 2166 im
1297 2131 1422 2166 Circus
1451 2131 1670 2176 hergenom-

929 2191 1030 2223 men,
1075 2190 1131 2213 wo
1175 2179 1343 2213 mehrere
1380 2177 1513 2213 Pferde
1550 2177 1672 2213 neben

930 2227 1108 2262 einander
1133 2227 1317 2270 gespannt
1340 2225 1501 2260 wurden.

980 2277 1033 2308 11.
1078 2274 1111 2308 si
1141 2273 1235 2307 nihil
1273 2271 1394 2318 aliud]
1433 2272 1510 2307 scil.
1542 2272 1669 2315 faciat.

930 2320 1015 2365 Vgl.
1042 2323 1081 2363 4,
1108 2324 1147 2362 3,
1174 2323 1194 2353 3
1233 2322 1368 2354 atroces
1398 2319 1440 2353 in
1470 2319 1536 2354 has
1565 2329 1672 2364 roya-

932 2369 1045 2403 tiones
1073 2346 1218 2401 ’nostras
1255 2366 1367 2401 coorti
1400 2369 1504 2409 sunt,
1541 2366 1672 2410 quibus

930 2415 1019 2460 quid
1039 2414 1143 2448 aliud
1170 2412 1262 2457 (scil.
1283 2413 1451 2456 facimus)
1478 2423 1587 2457 quam
1606 2413 1670 2448 ad-

930 2471 1110 2496 monemus
1135 2460 1225 2494 cives
1249 2469 1314 2494 ‘nos
1339 2470 1459 2494 eorum
1483 2459 1581 2494 esse.

981 2511 1033 2542 12.
1073 2517 1253 2551 usurpare
1279 2505 1410 2551 libert]
1451 2505 1544 2540 ‘ihre
1569 2505 1669 2540 Frei-

931 2555 1012 2590 11011
1037 2553 1233 2588 ausiiben’.
1270 2551 1344 2587 Der
1368 2554 1476 2587 110101·
1496 2551 1580 2587 dem
1600 2552 1670 2586 Im-

932 2601 1075 2646 perium
1114 2600 1214 2634 eines
1252 2599 1455 2634 Feldherrn
1492 2598 1670 2633 stehende

934 2648 1064 2684 Soldat
1088 2647 1138 2681 ist
1162 2646 1267 2680 nicht
1291 2645 1372 2680 frei.

981 2699 1034 2729 13.
1070 2695 1154 2728 haec
1179 2692 1355 2738 taliaque]
1383 2691 1522 2727 Sallust
1545 2692 1670 2727 wurde

932 2743 1010 2778 alia
1041 2741 1277 2775 hinzusetzen
1312 2741 1354 2784 (2.
1382 2740 1420 2773 B.
1448 2737 1530 2784 Jug.
1560 2743 1620 2782 64,
1648 2743 1669 2773 3

932 2790 1016 2824 haec
1035 2791 1140 2832 atque
1160 2788 1236 2822 alia
1254 2787 1362 2830 talia3
1391 2789 1445 2829 62,
1473 2789 1510 2829 2;
1537 2788 1595 2828 81,
1612 2765 1671 2830 2),

932 2835 1058 2871 Livius
1085 2834 1172 2870 lassi:
1197 2834 1273 2869 alia
1299 2835 1389 2868 stete
1416 2843 1506 2877 weg.
