1794 3084
90 1657 132 1688 10

158 133 210 174 16
719 132 861 167 Linea
885 132 928 167 V.
973 131 1072 167 CAP.
1100 137 1131 167 s.

1506 151 1530 168 a.
1550 150 1578 168 u.
1598 150 1622 169 0.
1644 142 1705 170 352.

155 241 312 283 lectum
354 240 519 282 Anxuri
569 240 827 294 praesidium
872 239 1166 280 vacationibus
1211 239 1396 281 militum
1440 242 1483 282 et
1522 239 1705 282 Volscos
1751 250 1756 254 ·

156 303 413 341 mercatores
440 299 571 353 vulgo
598 297 855 352 receptando
882 297 1061 351 proditis
1083 301 1256 352 repente
1277 302 1499 351 portarum
1519 298 1707 340 custodi-

157 358 236 399 bus
270 372 519 412 oppressum
554 360 629 398 est.
681 357 821 397 minus
848 356 1035 397 militum
1061 357 1198 410 periit,
1231 357 1330 410 quia
1356 360 1528 410 praeter
1554 370 1706 411 aegros

155 417 337 457 lixarum
370 417 410 456 in
446 415 618 456 modum
652 429 799 456 omnes
831 429 907 468 per
939 428 1066 469 agros
1093 415 1337 469 vicinasque
1362 415 1489 457 urbes
1515 416 1708 470 negotia-

158 476 324 516 bantur.
379 488 456 515 nec
498 473 598 514 Veis
632 473 783 514 melius
816 476 938 528 gesta
969 487 1054 526 reS,
1087 473 1198 527 quod
1230 476 1322 514 tum
1355 476 1485 527 caput
1516 473 1708 516 omnium

157 548 353 574 curarum
385 532 655 586 publicarum
688 534 797 583 erat3
830 546 929 572 nam
963 535 1005 572 et
1038 531 1163 573 duces
1191 531 1375 573 Romani
1401 531 1498 586 plus
1524 533 1637 573 inter
1663 546 1707 573 se

157 592 316 632 irarum
349 605 475 645 quam
510 591 712 632 adversus
744 590 890 631 hostes
924 590 1055 631 animi
1088 590 1342 643 habuer,unt
1375 596 1419 631 et
1444 593 1618 632 auctum
1644 592 1711 632 est

158 650 316 690 bellum
356 649 539 691 adventu
577 649 799 714 repentino
840 647 1129 714 Capenatium
1160 652 1286 703 atque
1325 623 1602 692 Faliscorum.
1662 648 1709 690 hi

158 708 240 749 duo
268 707 467 749 Etr-uliae
499 708 659 762 populi,
692 708 793 762 quia
824 707 1009 761 proximi
1041 707 1216 762 regione
1243 710 1376 761 erant,
1402 707 1581 749 devictis
1606 706 1710 749 Veis

159 767 270 807 bello
306 781 473 821 quoque
506 766 702 807 Romano
737 781 780 807 se
812 766 1028 819 proximos
1056 766 1146 806 fore
1174 765 1404 818 credentes,
1434 765 1591 808 Falisci
1615 780 1710 820 pro-

157 826 252 879 pria
291 826 421 866 etiam
460 840 588 867 causa
625 824 791 878 infesti,
836 824 947 878 quod
986 824 1184 865 Fidenati
1222 823 1334 865 bello
1372 839 1417 865 se
1457 826 1543 866 iam
1583 826 1711 866 antea

158 884 498 937 immiscuerant,
538 898 614 937 per
651 883 820 937 legatos
852 882 965 923 ultro
999 883 1189 936 citroque
1222 883 1376 924 missos
1409 883 1499 924 iure
1531 882 1709 924 iurando

157 943 270 984 inter
308 957 351 984 se
391 943 573 997 obligati
612 956 707 983 cum
749 941 1005 982 exercitibus
1037 941 1293 995 necopinato
1326 941 1378 982 ad
1409 941 1540 983 Veios
1573 955 1712 983 acces-

159 1015 261 1042 sere.
311 1002 422 1042 forte
456 1015 505 1042 ea
531 1001 718 1054 regione,
750 1014 834 1053 qua
859 998 927 1040 Μ’.
956 998 1128 1052 Sergius
1155 999 1350 1040 tribunus
1379 1000 1565 1041 militum
1590 1014 1710 1055 prae-

159 1062 267 1114 erat,
306 1062 448 1101 castra
481 1059 620 1100 adorti
654 1061 773 1111 sunt,
805 1059 1107 1112 ingentemque
1139 1060 1347 1099 terrorem
1378 1058 1577 1112 intulere,
1610 1058 1711 1113 quia

158 1117 375 1159 Etruriam
409 1133 580 1160 omnem
614 1118 797 1158 excitam
830 1116 999 1158 sedibus
1027 1130 1186 1170 magna
1213 1115 1324 1157 mole
1351 1116 1500 1158 adesse
1526 1116 1712 1158 Romani
1771 1120 1775 1124 '

160 1177 438 1219 crediderant.
507 1176 652 1218 eadem
699 1175 842 1230 opinio
881 1174 1084 1216 Veientes
1128 1175 1172 1215 in
1210 1175 1312 1216 urbe
1351 1175 1595 1217 concitavit.
1650 1175 1712 1217 ita

158 1235 335 1290 ancipiti
368 1235 532 1289 proelio
565 1237 707 1276 castra
738 1234 935 1276 Romana
967 1233 1347 1289 oppugnabantur3
1385 1236 1712 1276 concursantes-

160 1309 240 1348 que
284 1309 380 1336 cum
419 1295 503 1335 huc
548 1298 674 1348 atque
719 1293 818 1334 illuc
857 1292 982 1347 signa
1022 1292 1326 1346 transferrent,
1369 1306 1446 1334 nec
1485 1292 1712 1334 Veientem

161 1353 266 1394 satis
312 1353 508 1394 cohibere
554 1353 669 1392 intra
712 1351 972 1393 munitiones
1009 1365 1087 1391 nec
1128 1351 1215 1391 suis
1254 1350 1530 1392 munimentis
1570 1365 1712 1392 arcere

162 1411 247 1452 vim
288 1426 337 1453 ac
374 1411 485 1452 tueri
524 1425 567 1452 se
606 1411 659 1451 ab
693 1411 902 1451 exteriore
934 1411 1133 1463 poterant
1164 1409 1299 1451 hoste.
1363 1423 1447 1450 una
1479 1423 1575 1463 spes
1607 1412 1712 1464 erat,

160 1471 196 1511 si
229 1485 279 1511 ex
311 1470 548 1511 maioribus
576 1469 728 1510 castris
756 1468 1064 1521 subveniretur,
1096 1471 1144 1508 ut
1171 1467 1361 1509 diversae
1386 1468 1577 1522 legiones
1604 1469 1713 1510 aliae

160 1529 364 1571 adversus
392 1528 652 1582 Capenatem
686 1542 735 1569 ac
760 1527 985 1581 Faliscum,
1019 1526 1127 1567 aliae
1159 1528 1311 1567 contra
1343 1526 1613 1580 eruptionem
1640 1541 1713 1582 op-

159 1588 414 1641 pidanorum
441 1589 695 1642 pugnarent.
739 1586 812 1627 sed
839 1585 989 1627 castris
1016 1587 1214 1639 praeerat
1240 1584 1486 1640 Verginius,
1510 1585 1712 1640 privatim

161 1646 309 1702 Sergio
331 1647 492 1687 invisus
513 1646 792 1699 infestusque.
836 1645 885 1698 is,
911 1658 1005 1685 cum
1026 1644 1228 1698 pleraque
1249 1643 1428 1685 castella
1448 1646 1712 1699 oppugnata,

206 1824 238 1854 2.
289 1820 457 1866 Anxuri]
508 1819 583 1854 alte
632 1818 899 1862 Lokativform‚

158 1867 227 1901 wie
255 1871 310 1908 30,
331 1871 388 1910 45,
409 1871 430 1900 4
458 1866 599 1901 Tiburi.
639 1865 706 1900 Die
728 1864 900 1900 Volsker-

159 1914 260 1948 stadt
273 1915 408 1949 Anxur
423 1915 562 1958 <spinet
581 1913 802 1956 Tarracina)
823 1923 900 1946 war

159 1961 209 1994 im
229 1961 260 1997 J.
281 1965 350 1995 406
377 1972 448 1995 von
474 1961 546 1995 den
566 1960 728 1995 Rdmern
755 1959 901 1994 erobert

160 2007 320 2042 worden.

206 2067 312 2112 vulyo
339 2064 568 2110 receptando]

160 2124 246 2148 man
279 2141 286 2147 .
316 2142 322 2148 .
351 2139 358 2146 .
394 2112 487 2147 ohne
531 2110 778 2145 Unterschied
823 2109 900 2144 auf—

161 2160 296 2194 nahm'
303 2188 311 2203 ‚
331 2159 400 2193 mit
418 2159 616 2203 ozeylectum
630 2170 672 2192 zu
687 2156 900 2192 verbinden.

973 1863 1107 1909 Kriege
1133 1863 1239 1898 nicht
1264 1863 1447 1908 beteiligt.

1022 1916 1052 1946 7.
1079 1911 1215 1956 castra]
1246 1910 1313 1946 Die
1339 1910 1475 1945 Romer
1499 1910 1623 1945 haben
1647 1922 1713 1945 vor

975 1959 1039 1993 der
1076 1957 1293 2002 belagerten
1329 1957 1437 1992 Stadt
1472 1956 1563 1991 zwei
1595 1956 1716 2002 Lager

973 2004 1012 2038 in
1043 2004 1254 2039 ziemlicher
1279 2004 1512 2048 Entfernung
1541 2015 1614 2039 von
1640 2005 1716 2040 ein-

974 2051 1088 2085 ander
1113 2051 1411 2095 aufgeschlagen.

1022 2098 1262 2141 crediderant]
1286 2097 1349 2131 ‘zu
1369 2097 1452 2131 dem
1467 2096 1636 2132 Glauben
1649 2109 1713 2143 ge-

1367 2143 1473 2188 (Kap.
1502 2147 1556 2187 18,
1584 2148 1644 2186 113
1680 2148 1714 2188 2,

1503 2191 1607 2225 stellt
1644 2191 1716 2226 den

604 2063 789 2098 ‘dadurch
820 2062 900 2097 dass

973 2144 1149 2179 kommen
1186 2155 1309 2178 waren
1319 2143 1329 2160 ⁹

972 1818 1127 1852 zerstort
1151 1816 1292 1860 wurde,
1319 1817 1448 1852 hatten
1475 1816 1528 1852 sie
1555 1817 1632 1852 sich
1653 1827 1714 1852 am
1783 1848 1787 1858 ,

208 2222 240 2253 4.
268 2218 394 2263 caput]
430 2217 494 2251 der
530 2214 900 2261 Hauptgegenstand‚

162 2266 220 2300 die
246 2265 494 2309 Hauptsache.

212 2323 468 2368 Capenatium]
489 2322 563 2356 Der
583 2321 796 2367 gliickliche
811 2320 901 2354 Aus-

161 2370 229 2405 fall
249 2372 313 2405 der
332 2370 508 2414 Vejenter
528 2370 634 2413 (Kap.
657 2372 688 2411 7,
711 2370 744 2411 1)
771 2367 903 2411 bewog

162 2418 223 2452 die
248 2418 525 2452 benachbarten
545 2415 674 2450 Stadte
695 2415 842 2459 Capena
866 2426 900 2448 u.

162 2464 316 2506 Falerii,
361 2464 473 2498 ihnen
510 2463 620 2497 Hfflfe
666 2474 709 2495 zu
754 2461 902 2495 senden.

162 2511 365 2546 Vielleicht
390 2521 467 2544 war
492 2511 557 2544 das
583 2507 776 2543 ncrdliche
796 2506 902 2541 Etru-

162 2559 241 2592 rien
261 2557 373 2592 sehon
395 2557 537 2591 damals
557 2566 630 2590 von
650 2556 720 2590 den
736 2553 903 2590 Galliern

163 2605 323 2639 bedroht
347 2603 435 2649 (vgl.
462 2604 554 2648 Kap.
579 2607 633 2646 17,
655 2604 701 2646 8).

213 2668 242 2699 6.
270 2662 410 2708 infesti]
437 2663 533 2697 nach
560 2662 642 2696 dem
671 2661 903 2695 Zusammen-

163 2711 286 2755 hange
312 2709 537 2755 passivisch,
567 2708 763 2752 ε1131110111»,
789 2708 902 2742 heun-

165 2756 325 2801 ruhigt'.

214 2815 392 2850 Fidenati
427 2815 531 2860 bello]
569 2818 637 2848 437
685 2826 717 2848 v.
745 2812 827 2847 Chr.
855 2813 902 2855 (4,

167 2866 221 2906 17,
233 2864 289 2906 11)
300 2862 478 2906 3dagegen
492 2861 542 2895 im
559 2860 590 2895 J.
604 2864 684 2903 426,
705 2861 752 2894 da
765 2859 904 2893 Fiden'a

976 2194 1036 2233 18,
1065 2192 1112 2235 9).
1175 2189 1249 2224 Das
1287 2190 1453 2235 Plusqpf.

976 2237 1182 2273 Schrecken
1195 2236 1402 2271 deutlicher
1409 2236 1462 2271 als
1470 2237 1585 2282 Folge
1594 2237 1714 2273 dieses

974 2286 1127 2319 Irrtums
1147 2283 1211 2318 hin
1232 2284 1371 2319 als-das
1386 2283 1492 2328 Impf.
1513 2285 1713 2320 eredebant.

1023 2347 1053 2378 8.
1091 2343 1199 2387 siqua
1229 2342 1378 2388 transfl]
1418 2342 1518 2377 ‘ihre
1549 2342 1716 2388 Angriffe
1779 2345 1784 2377 ξ

974 2389 1192 2425 richteten'.
1221 2393 1251 2431 7,
1275 2393 1330 2432 34,
1353 2393 1396 2423 13
1416 2389 1486 2424 huc
1503 2392 1609 2434 atque
1627 2390 1716 2425 illuc

974 2438 1080 2482 siyna
1105 2437 1238 2471 moveri
1257 2460 1265 2470 .
1288 2464 1294 2471 .
1318 2463 1323 2470 .
1344 2437 1483 2471 videtis.
1785 2435 1787 2458 2

1023 2487 1054 2518 9.
1086 2494 1163 2518 una
1193 2493 1272 2528 spes
1304 2486 1381 2517 erat

979 2577 1143 2622 dingung
1169 2576 1316 2611 bezieht
1342 2576 1419 2611 sich
1446 2576 1513 2610 auf
1535 2575 1612 2619 das,
1640 2586 1714 2611 was

975 2623 1118 2669 gehofft
1154 2623 1290 2658 wurde.
1348 2622 1430 2657 Wir
1467 2623 1614 2657 konnen
1649 2633 1714 2657 aus

976 2672 1041 2706 der
1077 2669 1300 2715 Bedingung
1337 2669 1444 2704 einen
1480 2669 1714 2714 Objektssatz

982 2718 1052 2752 mit
1079 2717 1200 2752 ‘dass’
1229 2717 1399 2752 machen.

1024 2765 1120 2799 aliae
1275 2763 1385 2809 aliae]
1430 2761 1556 2798 Livius
1599 2763 1716 2798 meint

976 2812 1085 2853 wohl,
1112 2811 1177 2846 das
1203 2809 1384 2845 romische
1404 2810 1501 2844 Heer
1525 2810 1622 2845 habe
1648 2820 1714 2845 aus

977 2859 1055 2894 vier
1080 2857 1267 2903 Legionen
1292 2857 1506 2892 bestanden.

1382 2483 1396 2528 ]
1424 2499 1468 2511 =
1493 2493 1571 2527 spes
1597 2487 1715 2518 tamen
1783 2488 1787 2527 J

975 2534 1052 2566 erat
1077 2534 1198 2565 castra
1224 2530 1369 2572 defendi
1387 2540 1502 2574 posse.
1552 2528 1622 2564 Die
1646 2528 1714 2564 Be·
1783 2539 1785 2549 ⁴
