1794 3084
152 94 203 131 14
672 90 815 125 LIBER
840 90 902 125 VI.
953 90 1055 126 CAP.
1082 94 1114 126 4.
1142 95 1173 126 5.

1419 108 1446 126 a.
1468 109 1495 127 u.
1515 109 1539 127 c.
1559 103 1619 128 366.
1638 103 1702 129 867.

149 199 340 253 paucitas
379 198 516 240 fessos
555 199 758 250 obiceret,
800 211 962 239 cessere
1000 197 1190 252 tandem,
1236 198 1436 254 locusque
1475 199 1703 242 invadendi

80 268 117 298 11
148 258 295 298 urbem
317 257 522 299 Romanis
548 256 671 297 datus
693 260 765 297 est.
812 255 1022 310 publicari
1047 257 1249 310 praedam
1275 257 1458 298 tribunis
1485 258 1701 313 placebat3

149 316 220 356 sed
253 316 477 367 imperium
511 330 639 369 quam
671 315 894 356 consilium
934 315 1110 370 segnius
1148 315 1247 356 fuit:
1298 315 1396 356 dum
1435 318 1702 371 cunctantur,

146 374 229 415 iam
257 375 441 415 militum
467 373 625 427 praeda
659 376 760 426 erat,
793 387 870 414 nec
901 374 983 414 nisi
1015 387 1091 427 per
1122 373 1325 414 invidiam
1359 374 1489 415 adimi
1520 377 1701 429 poterat.

264 432 428 474 Eodem
463 446 591 485 auno,
623 446 676 472 ne
709 432 886 486 privatis
918 435 1085 472 tantum
1119 432 1319 486 operibus
1352 436 1558 474 cresceret
1588 433 1702 488 urbs,

147 490 406 545 Capitolium
446 505 614 545 quoque
654 505 756 532 saxo
790 490 996 544 quadrato
1037 491 1328 532 substructum
1368 493 1448 546 est,
1487 505 1594 546 opus
1633 492 1701 534 vel

147 550 191 590 in
224 550 303 590 hac
336 549 653 604 magnificentia
685 549 803 590 urbis
835 548 1195 603 conspiciendum.

265 607 356 649 Iam
399 611 440 649 et
477 608 638 649 tribuni
676 607 813 661 plebis
851 608 1024 648 civitate
1063 607 1326 650 aedificando
1365 611 1570 662 occupata
1605 623 1703 650 con-

101 680 119 699 ›
146 667 284 708 tiones
325 682 423 708 suas
464 666 735 720 siequentare
768 666 934 721 legibus
967 667 1147 720 agr-aliis
1182 667 1459 708 conabantur.
1515 669 1700 710 ostenta-

146 725 272 766 batur
305 726 349 766 in
382 739 500 779 spem
534 724 788 779 Pomptinus
828 738 946 779 ager,
983 729 1074 765 tum
1114 725 1298 779 primum
1337 727 1436 779 post
1477 726 1639 768 accisas
1677 741 1703 769 a

99 796 119 825 3
147 782 330 825 Camillo
358 783 614 825 Volscorum
647 798 713 824 res
745 783 1030 837 possessionis
1062 783 1176 824 haud
1210 784 1447 838 ambiguae.
1505 771 1701 826 crimina-

146 842 303 883 bantur
336 843 470 883 multo
505 856 599 883 eum
632 842 898 883 infestiorem
925 855 1076 896 agrum
1104 842 1157 883 ab
1183 842 1408 883 nobilitate
1436 856 1539 897 esse,
1572 858 1699 898 quam

145 916 170 941 a
201 900 372 943 Volscis
415 901 560 942 fuerit:
607 901 660 942 ab
698 900 784 941 illis
825 900 936 942 enim
969 903 1157 953 tantum,
1195 901 1334 955 quoad
1366 901 1475 942 vires
1508 904 1551 942 et
1582 916 1701 944 arma

98 971 118 1000 4
144 959 390 1012 habuerint,
429 960 697 1001 incursiones
737 973 785 1000 eo
824 958 979 1012 factas;
1016 959 1184 1000 nobiles
1223 958 1416 1000 homines
1454 959 1498 1000 in
1535 974 1700 1014 posses-

145 1018 309 1060 sionem
348 1019 440 1072 agri
480 1018 640 1072 publici
673 1017 860 1072 grassari
892 1031 981 1071 nec,
1013 1017 1109 1071 nisi,
1143 1020 1371 1072 antequam
1404 1018 1547 1059 omnia
1578 1033 1699 1073 prae-

97 1088 117 1118 5
144 1077 321 1131 cipiant‚
355 1077 516 1118 divisus
549 1077 624 1130 sit,
663 1077 804 1117 locum
836 1075 897 1116 ibi
928 1075 1044 1130 plebi
1076 1076 1180 1117 fore.
1235 1076 1348 1118 haud
1380 1090 1537 1131 magno
1571 1091 1698 1132 opere

143 1136 310 1190 plebem
343 1138 570 1176 moverunt
603 1138 645 1176 et
677 1135 989 1188 infrequentem
1031 1135 1075 1175 in
1114 1135 1207 1176 foro
1239 1138 1415 1189 propter
1447 1135 1699 1178 aedificandi

144 1208 289 1235 curam
317 1196 360 1235 et
387 1194 638 1235 exhaustam
664 1193 870 1248 impensis
899 1207 1031 1247 eoque
1059 1194 1152 1248 agri
1173 1194 1477 1246 immemorem,
1498 1194 1551 1236 ad
1571 1208 1696 1249 quem

142 1253 440 1294 instruendum
472 1253 582 1293 vires
614 1267 700 1294 non
734 1255 885 1293 essent.

261 1311 310 1352 In
343 1311 516 1353 civitate
548 1312 674 1365 plena
707 1311 975 1365 religionum,
1006 1313 1107 1351 tunc
1140 1311 1269 1352 etiam
1303 1310 1355 1352 ab
1387 1311 1548 1353 recenti
1581 1311 1700 1353 clade

191 1438 327 1484 urbem]
362 1438 449 1472 Man
479 1439 650 1472 erwartet
683 1438 725 1472 in
749 1438 883 1479 urbem,

145 1485 196 1519 ‘in
225 1485 283 1520 die
312 1485 420 1519 stadt
446 1484 747 1526 einzubrechen';
780 1485 883 1519 inva-

143 1532 223 1567 dere
264 1533 333 1566 mit
370 1532 454 1566 Acc.
494 1530 605 1566 heisst
649 1531 882 1576 gewohnlich

146 1578 385 1623 ‘angreifen’.

191 1630 245 1661 11.
280 1625 453 1671 tribunis]
481 1624 592 1659 naml.
619 1625 776 1660 militum
802 1635 883 1660 con-

141 1673 260 1707 sulari
280 1677 467 1716 potestate.

189 1731 297 1764 quam
336 1720 541 1764 consilium]
583 1719 658 1752 ‘als
694 1718 773 1753 ihre
810 1717 883 1752 Ab·

143 1767 267 1807 sicht'‚
291 1767 578 1810 ungewohnlich
598 1777 663 1800 vor
682 1766 753 1800 den
773 1765 883 1800 Kom-

142 1814 288 1857 parativ
321 1814 481 1858 gesetzt‚
515 1813 584 1847 wie
617 1811 797 1847 zuweilen
822 1812 883 1847 bei

142 1860 277 1895 Livius.
330 1861 419 1903 Kap.
449 1864 502 1903 10,
529 1863 567 1902 43
597 1863 650 1902 15,
680 1862 733 1893 10.

190 1911 245 1941 12.
271 1907 330 1952 oze]
358 1906 514 1941 Warum
548 1907 665 1941 dieser
691 1905 883 1940 Unterbau

142 1954 279 1998 gerade
305 1954 342 1988 in
363 1953 471 1998 jener
498 1954 577 1988 Zeit
603 1953 667 1988 der
692 1952 768 1987 Not
799 1964 881 1988 aus-

142 2000 293 2044 geffihrt
318 2001 458 2044 warde,
484 2001 533 2035 ist
558 1999 665 2034 nicht
690 2000 782 2034 klar.
833 2000 883 2034 Er

142 2048 246 2082 hatte
262 2047 333 2081 den
345 2047 553 2090 Zweck‚die
569 2046 882 2091 uberhangenden

141 2093 273 2129 Felsen
293 2094 357 2128 des
377 2093 548 2137 Kapitols
569 2105 613 2128 zu
637 2094 781 2127 stiitzen
805 2094 881 2127 und

141 2140 208 2175 das
244 2140 529 2184 Hinaufsteigen
568 2139 657 2185 (vgl.
687 2144 723 2183 5,
755 2143 811 2182 47,
846 2141 880 2184 2)

142 2188 356 2231 unmoglich
383 2198 425 2221 zu
452 2187 617 2221 macheu.

189 2235 314 2279 maym'
314 2235 488 2313 ficentiai³
517 2234 572 2268 ost
609 2245 679 2268 von
721 2234 879 2268 Bauten:

141 2279 440 2326 Grossartigkeit,
491 2281 596 2315 racht
620 2282 665 2324 (1,
688 2283 740 2322 55,
765 2284 802 2323 93
824 2284 880 2325 56,

140 2330 307 2370 230171

171 2329 494 2419 οοὲπ811ίίίεηᾱωη]
536 2373 624 2408 Dass
659 2373 719 2408 die
751 2373 880 2408 Mauer

141 2422 234 2455 auch
254 2421 292 2455 in
313 2424 478 2465 spaterer
498 2419 579 2455 Zeit
599 2421 692 2455 noch
716 2420 878 2455 ‘sehens-

139 2467 296 2512 wfirdig'
322 2479 409 2511 war,
436 2468 592 2512 bezeugt
618 2467 713 2502 auch
737 2466 878 2502 Plinius

139 2515 151 2558 (
187 2516 573 2607 5’.1.)frequentare]
612 2561 718 2596 ihren
753 2560 879 2596 Reden

139 2619 184 2643 an
206 2609 270 2643 das
285 2608 383 2643 Volk
399 2609 560 2643 Zuh'orer
579 2621 621 2642 zu
639 2607 878 2651 verschaffen,

138 2654 218 2690 ihre
252 2655 693 2700 Volksversammlungen
731 2666 773 2689 zu
816 2654 877 2689 be-

140 2702 256 2736 leben.

187 2748 337 2794 legibus]
371 2742 618 2783 rhetorischei·
646 2749 789 2792 Plural,
822 2748 876 2782 in-

140 2794 222 2828 dem
250 2795 344 2829 blofs
376 2796 446 2830 ein
474 2795 678 2841 Vorschlag
704 2795 877 2841 gemacht

138 2842 273 2876 wurde.

1005 1441 1035 1471 2.
1062 1438 1104 1471 in
1128 1437 1240 1483 spem]
1263 1437 1315 1471 ‘in
1336 1437 1525 1473 Aussioht’
1549 1438 1696 1474 stellen.

1010 1484 1228 1527 Pomptinus
1253 1484 1353 1530 σφω’]
1380 1484 1439 1519 ein
1465 1484 1700 1520 fruchtbarer

961 1530 1181 1565 Landstrich
1207 1532 1257 1564 im
1279 1530 1393 1566 Osten
1414 1532 1478 1566 der
1497 1531 1697 1577 pomptini-

959 1577 1072 1611 schen
1099 1578 1261 1621 sumpse,
1286 1577 1412 1612 friiher
1437 1578 1527 1613 bald
1554 1578 1605 1612 im
1629 1578 1697 1614 Be-

957 1623 1046 1658 sitze
1073 1624 1137 1659 der
1156 1625 1304 1665 Romen
1331 1625 1418 1659 bald
1445 1625 1509 1659 der
1525 1624 1695 1661 Volsker.

1004 1675 1036 1705 3.
1070 1671 1376 1717 criminabantur]
1413 1672 1524 1707 naml.
1555 1673 1698 1708 toibwni

1001 1718 1127 1762 plebis.

1003 1765 1238 1809 infestiorem]
1268 1765 1393 1800 ‘mehr
1425 1765 1601 1810 bedroht,
1633 1777 1696 1811 ge—

955 1810 1126 1846 fahrdet'
1139 1823 1308 1857 ‚wegen
1340 1813 1404 1848 der
1428 1812 1602 1857 passiven
1629 1814 1695 1848 Be·
1708 1812 1713 1816 ”

956 1859 1123 1912 deutung
1142 1858 1211 1893 mit
1229 1860 1274 1894 ab
1296 1859 1518 1894 verbunden.
1562 1863 1617 1903 10,
1637 1863 1694 1903 46,

956 1909 976 1939 9
1009 1906 1106 1951 reyio
1144 1917 1186 1941 ea
1222 1906 1357 1949 infesta
1391 1907 1437 1941 ab
1469 1887 1695 1942 S'amm't’ibus

955 1957 1042 1986 erat.

1001 2002 1033 2033 4.
1061 1999 1211 2044 nobiles]
1239 1998 1340 2034 Alles
1361 1999 1586 2043 Staatsland‚
1606 2000 1693 2036 wel-

955 2045 1040 2080 ches
1068 2045 1172 2080 nicht
1197 2047 1313 2080 durch
1339 2045 1513 2091 specielle
1539 2047 1691 2082 Gesetze

953 2093 1011 2126 fiir
1031 2092 1200 2137 Plebejer
1219 2092 1412 2128 bestimmt
1431 2093 1580 2128 worden
1605 2105 1691 2138 war,

954 2140 1077 2174 wurde
1115 2140 1236 2174 bisher
1273 2149 1345 2174 von
1383 2139 1455 2175 den
1489 2139 1692 2176 Patriziern

954 2185 1058 2230 (oder
1083 2186 1233 2230 nobiles)
1259 2185 1299 2220 in
1317 2186 1439 2222 Besitz
1458 2198 1690 2232 genommen.

999 2232 1178 2278 massari]
1205 2232 1265 2267 ein
1291 2233 1350 2268 bei
1373 2233 1498 2269 Livius
1524 2234 1690 2279 haufiges

952 2278 1077 2322 Wort‚
1113 2279 1345 2323 ‘verfahren,
1379 2283 1502 2315 wiiten
1535 2281 1689 2326 gegen’,

952 2326 1031 2360 hier
1059 2325 1177 2360 ‘sich
1203 2326 1242 2360 in
1267 2327 1336 2362 den
1362 2327 1483 2363 Besitz
1508 2328 1690 2363 setzen’.

1001 2377 1031 2407 5.
1058 2373 1159 2408 haud
1183 2385 1313 2419 mayno
1340 2374 1458 2420 opere]
1482 2374 1602 2409 ‘nicht
1625 2386 1692 2420 gar

953 2420 1046 2463 sehr,
1072 2420 1177 2455 nicht
1202 2421 1426 2456 sonderlich'
1432 2449 1440 2457 .
1478 2421 1642 2466 Kap.22‚
1659 2426 1688 2456 7.

997 2467 1108 2512 vires]
1141 2467 1199 2501 die
1231 2466 1354 2501 Mittel
1383 2467 1470 2513 (vgl.
1497 2472 1559 2511 21,
1586 2472 1622 2512 1,
1649 2471 1687 2511 23

951 2516 1007 2556 23,
1019 2516 1075 2556 41,
1088 2515 1122 2557 6)
1136 2525 1197 2547 zur
1205 2514 1459 2558 Anpflanzung
1472 2514 1536 2549 der
1546 2514 1690 2558 Felder,

951 2571 1014 2593 zur
1023 2560 1262 2605 Hemtellung
1275 2561 1690 2597 landwirtsobaftlicher

951 2605 1302 2650 Geb'aulichkeiten,
1338 2618 1401 2641 zur
1435 2607 1690 2653 Anschaffung

949 2664 1021 2733 l{on
1035 2652 1132 2687 Vieh
1148 2654 1221 2687 und
1237 2652 1406 2697 Gerttten,
1426 2654 1492 2689 das
1508 2655 1688 2690 Betriebs-

977 2698 1104 2744 apital.

998 2750 1028 2781 6.
1056 2746 1287 2793 2·eli9i0num]
1308 2746 1376 2782 Die
1396 2747 1579 2784 romische
1599 2749 1688 2783 Biir-

949 2792 1138 2838 gersohaft
1169 2792 1249 2827 liess
1276 2794 1353 2828 sich
1380 2793 1591 2839 uberhaupt
1616 2805 1689 2830 von

949 2839 1149 2884 religiosen
1192 2839 1374 2876 Gefiihlen
1424 2840 1684 2885 behel-rschem
