1794 3084
104 826 158 867 29

174 72 230 113 62
666 71 811 107 LIBER
836 72 896 107 VI.
942 73 1044 108 CAP.
1072 76 1127 108 28.
1155 77 1209 107 29.

294 179 383 221 Has
423 180 613 221 inanium
652 195 792 221 rerum
836 181 984 221 inanes
1028 180 1145 234 ipsas
1182 179 1405 221 volventes
1443 180 1728 236 cogitationes

176 238 372 280 fortunae
405 239 487 280 loci
520 239 820 292 delegaverant
852 252 947 292 spes
975 252 1084 280 suas.
1134 237 1318 280 Romani
1344 241 1504 293 contra,
1534 239 1728 280 ubicum-

176 312 256 352 que
290 302 401 339 esset
427 297 605 338 Latinus
633 297 788 348 hostis,
821 297 925 338 satis
959 297 1064 338 scire
1097 311 1192 338 eum
1224 311 1328 350 esse,
1360 310 1485 352 quem
1512 297 1564 339 ad
1585 297 1728 352 Regil-

175 356 266 398 lum
293 357 433 397 lacum
461 355 672 396 devictum
705 360 875 397 centum
906 370 1113 397 annorum
1145 370 1248 409 pace
1281 355 1466 397 obnoxia
1495 355 1731 409 tenuerint3

129 426 148 457 S
175 415 314 456 locum
348 415 562 469 insignem
590 415 795 455 memoria
822 414 952 456 cladis
979 414 1246 455 irritaturum
1273 429 1316 455 se
1342 413 1484 469 potius
1511 414 1564 456 ad
1589 414 1727 456 delen-

176 473 274 514 dam
312 473 564 514 memoriam
602 472 835 526 dedecoris,
879 488 1006 527 quam
1044 476 1093 514 ut
1130 473 1331 514 timorem
1370 472 1519 524 faciat,
1561 487 1615 514 ne
1647 487 1730 528 qua

129 544 147 574 9
175 536 290 573 terra
323 532 378 572 sit
410 531 579 572 nefasta
611 531 816 573 victoriae
850 546 968 585 suae3
1001 532 1103 586 quin
1129 531 1213 586 ipsi
1240 531 1323 573 sibi
1344 530 1457 573 Galli
1489 533 1526 573 si
1553 531 1732 573 offeran-

175 594 244 631 tur
276 590 351 632 illo
383 591 496 641 loco,
530 605 573 632 se
606 590 667 631 ita
698 594 983 645 pugnaturos,
1015 594 1062 631 ut
1083 589 1244 631 Romae
1276 590 1562 645 pugnaverint
1591 590 1636 632 in
1667 604 1730 631 re-

175 649 359 703 petenda
390 650 548 703 patria,
580 653 628 690 ut
659 652 832 704 postero
865 650 932 691 die
959 649 1012 690 ad
1033 648 1212 701 Gabios,
1244 651 1346 690 tunc
1373 663 1470 690 cum
1503 648 1735 702 effecerint,

174 722 226 749 ne
259 708 353 762 quis
386 708 541 761 hostis,
573 708 646 762 qui
678 709 847 749 moenia
874 708 1070 749 Romana
1101 708 1322 762 intrasset,
1353 707 1552 748 nuntium
1585 721 1734 749 secun-

175 766 252 808 dae
286 767 572 821 adversaeque
604 765 803 808 fortunae
837 766 1008 808 domum
1040 766 1258 820 perferret.

294 825 374 866 His
394 826 607 880 utrimque
629 826 783 867 animis
811 826 864 866 ad
887 826 1028 866 Aliam
1055 828 1228 866 ventum
1252 827 1328 865 est.
1373 824 1556 866 dictator
1576 823 1731 866 Roma-

174 899 272 937 nus,
313 888 542 938 postquam
574 884 619 924 in
652 887 882 939 conspectu
913 884 1060 926 hostes
1094 887 1215 924 erant
1246 883 1447 924 instructi
1478 883 1730 938 intentique,

176 942 365 984 ‘videsne
398 942 459 983 tu'
490 943 646 997 inquit,
686 942 752 984 Ἃ.
780 941 1022 997 Semproni,
1062 942 1146 984 loci
1176 941 1350 983 fortuna
1380 942 1478 984 illos
1510 941 1643 984 fretos
1675 941 1732 983 ad

175 1001 320 1042 Aliam
352 1001 624 1043 constitisse?
667 1016 743 1043 nec
776 1001 863 1042 illis
896 1001 938 1042 di
969 1001 1235 1042 immortales
1269 1001 1463 1043 certioris
1497 1000 1728 1056 quidquam

128 1072 146 1102 ‘2
175 1060 351 1101 fiduciae
378 1061 605 1102 maiorisve
632 1060 743 1115 quod
772 1061 826 1102 sit
854 1060 1002 1102 auxilii
1029 1059 1231 1101 dederint.
1278 1061 1322 1100 at
1346 1063 1412 1114 tu,
1437 1059 1572 1101 fretus
1600 1060 1730 1100 armis

175 1119 434 1174 animisque,
479 1119 704 1161 concitatis
744 1120 862 1174 equis
900 1119 1054 1160 invade
1091 1118 1275 1160 mediam
1317 1118 1470 1172 aciem;
1515 1131 1594 1172 ego
1633 1132 1729 1160 cum

224 1250 254 1280 Τ.
283 1245 396 1291 ipsas]
423 1263 466 1274 =
483 1247 533 1290 23.)
526 1257 581 1280 *sa
599 1257 747 1299 quoque,
764 1245 913 1291 gleich-

175 1292 272 1335 falls,
300 1293 610 1337 ebenso’(1ndem
637 1293 689 1328 sie
715 1303 789 1327 von
814 1293 916 1327 nich-

175 1340 278 1385 tigen
293 1339 437 1384 Dingen
455 1340 532 1374 sich
548 1339 646 1374 diese
668 1340 801 1375 ebenso
816 1341 917 1374 nieh-

175 1387 278 1431 tigen
303 1385 580 1431 Einbildungen
605 1387 803 1430 machten).

223 1440 412 1485 volventes]
439 1439 604 1473 niimlich
623 1441 744 1475 animo
758 1441 805 1484 (2,
819 1442 918 1483 495>

176 1487 264 1520 oder
289 1497 406 1521 seeum
439 1488 508 1530 (26,
531 1490 562 1529 7,
584 1489 630 1530 3).

223 1539 488 1584 deleam-erant]
513 1539 658 1573 ‘hatten
684 1539 918 1583 {iberti-agen,

175 1586 420 1630 fibergeben⁷3
479 1586 778 1630 ungewohlicher
827 1589 919 1620 Aus-

176 1634 291 1667 druck
313 1634 403 1668 statt
417 1634 457 1667 in
470 1634 621 1676 fortuna
637 1634 705 1668 loci
718 1637 920 1678 posuerant

175 1691 253 1725 spes
277 1691 373 1715 suas.

224 1733 452 1778 ubicumque]
482 1733 551 1767 mit
578 1732 769 1768 Coniunct.
795 1731 916 1767 iterat.

178 1780 263 1825 (vgl.
287 1780 378 1824 Kap.
402 1783 433 1823 8,
451 1784 484 1822 6)
512 1790 641 1824 wegen
661 1781 725 1814 des
746 1779 811 1814 1nf.
831 1780 917 1814 hist.

175 1829 266 1862 scire
292 1829 349 1870 (=
369 1829 513 1862 scimur.

223 1879 386 1914 Latinus
411 1879 538 1925 hostis]
565 1879 725 1924 richtige
747 1879 918 1914 Bezeieh-

175 1939 277 1971 nung
303 1927 368 1961 der
394 1926 638 1970 Ptanestiner‚
665 1926 842 1961 wahrend
868 1926 919 1961 sie

176 1973 269 2018 Kap.
292 1978 346 2017 27,
370 1978 387 2008 7
415 1974 534 2009 neben
562 1974 632 2008 den
656 1973 830 2008 Latinern
857 1985 919 2017 ge·

176 2023 291 2055 nannt
317 2021 473 2055 werden.

223 2073 415 2117 devictum]
444 2072 527 2117 Vgl.
555 2074 646 2117 Kap.
674 2077 706 2117 2,
728 2077 759 2108 3.

225 2125 399 2171 obnoxia]
415 2126 575 2171 aufpace
588 2126 751 2170 bezogen
769 2126 920 2170 ffunter·

178 2173 338 2216 wurfig')
364 2175 454 2207 statt
481 2173 546 2207 auf
561 2184 662 2217 quem
683 2173 921 2218 (‘gehorsam,

179 2219 413 2263 abhangig'y.
457 2219 541 2264 Vgl.
568 2224 598 2262 9,
622 2223 675 2261 10,
697 2224 718 2254 4
745 2221 922 2255 emersisse

180 2267 358 2301 civitatem
385 2278 428 2301 ea:
455 2267 613 2301 obnoxia
634 2278 735 2310 paee.

226 2322 258 2353 8.
286 2319 418 2364 Iocum]
451 2319 524 2352 Der
555 2318 709 2353 nachste
738 2319 821 2353 Satz
857 2320 920 2354 wi-

178 2365 323 2411 derlegt
347 2366 418 2400 den
444 2369 462 2407 ξ
484 2369 515 2400 6.

226 2429 332 2463 quam
360 2419 415 2464 ut]
444 2417 801 2463 Vg1.Kap.15,12.

227 2471 383 2517 nefasta]
407 2470 637 2514 ‘unheilvoll,
658 2470 920 2515 verderblich',

178 2518 302 2563 h'aufig
334 2531 372 2552 in
399 2519 463 2553 der
488 2518 731 2561 Verbindung
763 2519 838 2552 (lies
863 2530 921 2554 ne-

178 2566 313 2608 fastus,
350 2576 420 2599 nur
452 2565 531 2600 hier
564 2565 629 2599 auf
653 2564 733 2599 eine
761 2556 921 2599 Ortlich-

180 2612 257 2647 keit
283 2592 515 2657 u’bertragen

227 2674 258 2705 9.
298 2671 404 2717 quin]
443 2671 733 2715 Versieherungs
736 2669 919 2716 partikel:

176 2717 234 2761 ja,
260 2717 434 2752 furwanr.

227 2770 379 2816 Romae]
396 2771 427 2804 V
431 2771 480 2816 gl.
496 2774 528 2813 5,
537 2774 593 2813 49,
608 2771 706 2815 3fg.,
699 2785 706 2792 ·
734 2774 920 2813 2·2‚14,11.

228 2820 313 2851 tunc
339 2817 432 2863 cum]
470 2817 556 2852 Dies
583 2818 666 2863 fug‘c
691 2817 920 2852 nachdriick-

988 1245 1106 1280 licher
1132 1246 1186 1280 als
1213 1246 1278 1280 das
1307 1245 1427 1281 blosse
1452 1256 1533 1281 cum
1563 1244 1645 1280 eine
1669 1255 1731 1290 ge-

990 1303 1125 1327 nauete
1153 1292 1410 1337 Bestimmung
1441 1304 1484 1327 zu
1503 1295 1648 1338 postero
1673 1292 1736 1327 die

989 1339 1115 1382 hinzu,
1161 1339 1431 1384 entsprechend
1473 1339 1545 1374 den
1577 1339 1731 1373 Bestitn-

991 1397 1151 1431 mungen
1190 1387 1290 1420 eines
1326 1385 1506 1431 Begriffes
1547 1385 1663 1421 durch
1699 1386 1734 1420 is

990 1435 1070 1478 qui,
1104 1446 1132 1467 z.
1154 1433 1192 1467 B.
1221 1432 1293 1469 Cic.
1323 1434 1429 1468 Tusc.
1457 1437 1490 1475 4,
1511 1436 1531 1467 2
1565 1443 1646 1468 eum
1668 1433 1731 1477 slo-

993 1484 1082 1515 reret
1109 1481 1148 1514 in
1164 1481 1190 1514 I
1190 1481 1283 1515 talia
1297 1480 1453 1515 Graecia
1472 1480 1732 1525 potentissimis

992 1531 1024 1562 et
1049 1528 1219 1562 maximis
1238 1528 1401 1569 urbibus,
1426 1538 1467 1562 ea
1486 1538 1578 1572 quae
1597 1537 1733 1571 mayna

992 1575 1091 1609 clieta
1115 1577 1180 1615 est3
1207 1573 1307 1609 Lael.
1329 1577 1384 1617 49,
1405 1577 1461 1617 65,
1481 1577 1536 1609 82.

1039 1632 1082 1656 ne
1108 1622 1189 1666 quis
1219 1622 1329 1656 hostis
1355 1621 1442 1666 etc.]
1475 1619 1733 1656 fibereinstim-

993 1668 1191 1703 stimmend
1223 1668 1292 1702 mit
1323 1672 1356 1711 5,
1375 1670 1433 1711 49,
1454 1671 1491 1703 6:
1529 1670 1650 1702 castra
1675 1678 1734 1702 ca-

986 1717 1157 1759 piuntur,
1191 1718 1222 1749 et
1246 1726 1292 1750 ne
1315 1716 1470 1750 nuntius
1494 1714 1636 1759 quidem
1660 1715 1734 1749 cla-

992 1763 1050 1797 dis
1076 1763 1230 1797 relictus.

1037 1809 1214 1844 secundae
1239 1808 1425 1854 fortunae]
1451 1808 1514 1843 des
1533 1807 1660 1853 Sieges
1685 1819 1733 1842 an

993 1856 1057 1890 der
1077 1855 1163 1890 Alia
1186 1856 1262 1890 und
1287 1856 1352 1891 der
1377 1855 1582 1890 Einnahme
1607 1855 1733 1890 Rome.

1040 1915 1102 1950 29.
1154 1919 1184 1949 1.
1217 1914 1426 1960 postquam]
1473 1913 1543 1948 mit
1584 1912 1732 1957 Imperf.
1766 1917 1776 1930 ¹

992 1963 1075 2007 VgL
1103 1965 1285 2005 §3u.5;
1311 1961 1533 2006 Kap.10‚.4

1041 2009 1186 2062 mtenti]
1209 1989 1484 2053 ‘sel'flagfertig’
1501 2007 1652 2052 (Kap.6,
1663 2007 1734 2051 13),

992 2055 1073 2090 hier
1098 2056 1136 2090 in
1156 2055 1483 2100 ungewohnlicher
1492 2033 1735 2097 Verbindung

994 2103 1063 2137 mit
1089 2104 1276 2146 instructi,
1306 2101 1345 2137 in
1372 2102 1443 2137 den
1469 2102 1642 2155 spateren
1662 2099 1735 2134 Βᾶ-

995 2150 1106 2184 chern
1131 2129 1333 2184 mehrtrials
1352 2149 1423 2183 mit
1435 2148 1566 2193 parati
1584 2148 1656 2193 (24,
1676 2150 1735 2191 39,

995 2200 1032 2240 4;
1061 2200 1250 2238 29,6,11;
1278 2199 1470 2239 30,1o,8;
1497 2198 1552 2238 35,
1575 2198 1632 2239 11,
1651 2197 1698 2240 9).

1041 2244 1123 2288 Ioci]
1150 2243 1221 2277 mit
1243 2242 1466 2277 Nachdruck
1493 2252 1559 2276 vor
1581 2242 1750 2285 fortwna‘

993 2290 1145 2335 gestellt
1171 2290 1259 2335 (vgl.
1285 2289 1377 2335 Kap.
1399 2293 1455 2332 28,
1476 2292 1522 2332 7).

1040 2337 1119 2383 nee]
1147 2337 1417 2382 Ankm'ipfung,
1443 2335 1498 2370 als
1519 2335 1567 2370 ob
1586 2335 1736 2370 vorher-

994 2385 1104 2429 gehe:
1132 2385 1202 2419 loci
1214 2384 1367 2427 fortuma
1380 2384 1438 2419 illi
1448 2383 1536 2426 freti
1553 2383 1736 2418 adAliam

994 2432 1239 2469 constiterunt.

1041 2479 1136 2522 quod
1153 2478 1217 2523 sit]
1229 2478 1369 2521 ‘etwas,
1383 2477 1449 2512 das

995 2535 1173 2569 synonym
1198 2525 1269 2559 mit
1292 2525 1500 2569 quidquam.

1041 2572 1220 2616 dederint]
1247 2570 1354 2616 Konj.
1382 2574 1445 2606 des
1474 2571 1686 2606 Wunsches.

1042 2633 1073 2664 2.
1101 2631 1213 2665 armis
1239 2630 1453 2676 animisque]
1472 2630 1552 2666 eine
1571 2629 1736 2665 beliebte

993 2677 1352 2722 Wortverbindung:
1397 2676 1470 2712 Cio.
1502 2676 1597 2712 Phil.
1629 2681 1662 2719 3,
1689 2679 1735 2711 33

992 2735 1026 2757 u.
1051 2727 1104 2765 10,
1126 2727 1188 2765 21;
1220 2723 1330 2768 Verg.
1352 2726 1440 2759 Aen.
1463 2727 1517 2767 12,
1539 2727 1626 2766 7883
1656 2722 1734 2758 Liv.

1532 2477 1734 2523 gewahre',

993 2773 1056 2812 31,
1084 2773 1147 2814 41,
1182 2774 1243 2812 13;
1286 2770 1380 2815 Καρ.
1412 2773 1468 2815 24,
1505 2775 1546 2805 10
1578 2769 1668 2815 (vgl.
1702 2773 1742 2814 7,

994 2819 1048 2860 13,
1076 2819 1122 2861 6).

1537 90 1565 109 a.
1578 90 1608 108 u.
1623 90 1649 109 c.
1663 83 1738 110 8¹14„

1787 215 1794 251 !
