1794 3084
59 1150 118 1193 36

128 103 182 144 78
630 102 773 137 LIBER
800 102 895 137 vm.
935 101 1035 138 CAP.
1056 106 1111 138 35.
1133 107 1191 138 36.

1407 121 1434 139 a.
1455 121 1483 139 u.
1503 120 1527 140 c.
1546 114 1608 140 429.
1627 115 1694 140 430.

247 210 354 253 Cum
397 225 440 253 se
479 210 589 251 nihil
629 210 789 251 morari
827 210 1087 265 magistrum
1125 210 1316 264 equitum
1355 211 1694 266 pronuntiasset,

132 270 383 325 degressum
426 283 523 310 eum
561 269 726 322 templo
759 269 897 310 laetus
941 272 1134 324 senatus,
1179 270 1333 311 laetior
1370 270 1574 324 populus,
1615 271 1692 312 cir-

129 329 312 370 cumfusi
345 342 392 370 ac
425 328 693 382 gratulantes
726 327 827 369 hinc
860 328 1069 383 magistro
1103 328 1309 383 equitum,
1340 328 1441 370 hinc
1475 329 1696 383 dictatori,

81 396 101 426 9
129 388 347 443 prosecuti
387 390 504 439 sunt,
551 388 852 441 firmatumque
893 387 1123 441 imperium
1163 387 1352 428 militare
1392 387 1509 429 haud
1546 388 1694 429 minus

128 447 322 502 periculo
351 445 399 495 Q.
418 445 541 487 Fabii
569 460 696 500 quam
725 445 935 500 supplicio
962 445 1202 487 miserabili
1229 446 1513 488 adulescentis
1540 445 1694 493 Manlii

129 505 365 546 videbatur.

248 564 377 605 Forte
409 563 472 604 ita
506 577 554 604 eo
588 577 701 604 anno
735 563 889 618 evenit,
921 565 982 617 ut,
1014 564 1397 618 quotienscumque
1430 563 1613 606 dictator
1639 565 1695 606 ab

129 623 318 664 exercitu
349 622 608 675 recessisset,
640 622 788 664 hostes
821 623 865 663 in
891 620 1068 664 Samnio
1101 625 1388 664 moverentur.
1430 625 1620 665 ceterum
1646 624 1692 664 in

132 682 264 723 oculis
298 681 541 735 exemplum
574 684 665 722 erat
698 680 746 730 Q.
773 681 932 723 Fabius
964 681 1022 723 M.
1046 681 1219 723 Valerio
1252 682 1409 736 legato,
1440 682 1513 736 qui
1539 683 1693 724 castris

129 744 337 795 praeerat,
369 755 421 781 ne
455 755 583 795 quam
617 740 702 781 vim
728 740 919 782 hostium
952 741 1092 795 magis
1126 755 1252 795 quam
1279 743 1443 782 trucem
1471 741 1694 782 dictatoris

61 810 101 839 11
130 801 238 841 iram
271 799 453 840 timeret.
515 800 662 853 itaque
694 799 1030 841 frumentatores
1065 814 1161 841 cum
1200 800 1480 842 circumventi
1513 814 1564 840 ex
1594 799 1698 841 insi-

129 859 211 900 diis
245 858 358 900 caesi
391 859 485 900 loco
519 858 666 912 iniquo
700 861 856 911 essent,
889 858 1100 899 creditum
1131 859 1260 913 vulgo
1296 861 1362 900 est
1388 859 1607 900 subveniri
1633 859 1695 900 eis

58 927 100 957 12
129 918 183 959 ab
211 917 358 972 legato
390 917 599 971 potuisse,
641 917 687 958 ni
725 917 870 958 tristia
909 916 1049 958 edicta
1081 917 1382 959 exhorruisset.

1445 932 1495 958 ea
1527 931 1697 972 quoque

130 977 195 1017 ira
238 977 444 1017 alienavit
484 991 508 1017 a
547 976 755 1017 dictatore
788 976 973 1017 militum
1007 976 1188 1029 animos,
1225 976 1314 1017 iam
1353 978 1453 1017 ante
1490 976 1697 1030 infensos,

130 1035 244 1090 quod
276 1035 566 1089 implacabilis
601 1034 647 1084 Q.
676 1035 808 1076 Fabio
842 1035 996 1077 fuisset
1029 1037 1089 1089 et,
1129 1035 1242 1089 quod
1275 1035 1364 1076 suis
1396 1035 1593 1088 precibus
1625 1049 1698 1076 ne-

129 1097 287 1150 gasset,
321 1095 409 1135 eius
443 1094 601 1148 populo
635 1094 832 1136 Romano
866 1094 1036 1136 veniam
1069 1094 1270 1135 dedisset.

246 1153 485 1207 Postquam
517 1153 703 1194 dictator
735 1154 983 1208 praeposito
1015 1153 1061 1194 in
1092 1152 1197 1194 urbe
1236 1153 1281 1194 L.
1313 1152 1488 1206 Papirio
1527 1150 1698 1207 Crasso,

131 1212 343 1267 magistro
387 1212 578 1267 equitum
613 1211 659 1260 Q.
692 1211 827 1254 Fabio
872 1213 1005 1254 vetito
1051 1213 1281 1267 quicquam
1319 1226 1397 1266 pro
1436 1211 1697 1266 magistratu

132 1285 272 1325 agere,
298 1272 342 1311 in
369 1274 512 1312 castra
537 1271 677 1324 rediit,
708 1285 846 1325 neque
873 1271 1039 1313 civibus
1066 1271 1174 1312 satis
1201 1271 1340 1312 laetus
1369 1270 1578 1312 adventus
1606 1270 1698 1312 eius

86 1339 105 1369 2
133 1330 215 1371 fuit
246 1344 324 1371 nec
356 1329 555 1370 hostibus
597 1330 826 1384 quicquam
865 1330 1014 1371 attulit
1052 1330 1243 1371 terroris.

1304 1343 1491 1384 namque
1522 1331 1697 1384 postero

133 1389 219 1442 die,
259 1403 333 1430 seu
370 1389 513 1442 ignari
549 1388 718 1429 venisse
757 1388 1029 1441 dictatorem,
1069 1403 1160 1442 seu,
1206 1389 1375 1430 adesset
1420 1403 1475 1429 an
1517 1388 1700 1442 abesset,

82 1457 102 1487 3
129 1447 253 1501 parvi
286 1447 506 1500 facientes,
537 1447 750 1488 instructa
782 1447 872 1489 acie
906 1447 959 1488 ad
992 1450 1134 1488 castra
1174 1450 1458 1489 accesserunt.
1509 1449 1698 1488 ceterum

128 1508 299 1547 tantum
339 1505 548 1547 momenti
588 1505 633 1546 in
671 1521 756 1548 uno
802 1507 894 1547 viro
937 1505 985 1547 L.
1023 1505 1197 1560 Papirio
1241 1505 1344 1559 fuit,
1387 1508 1453 1559 ut,
1497 1506 1533 1546 si
1577 1505 1698 1547 ducis

130 1565 311 1607 consilia
343 1564 465 1606 favor
498 1564 755 1606 subsecutus
788 1565 976 1606 militum
1008 1564 1140 1619 foret,
1178 1564 1383 1606 debellari
1417 1578 1466 1605 eo
1500 1563 1567 1604 die
1600 1578 1697 1605 cum

80 1633 101 1663 4
129 1623 396 1665 Samnitibus
428 1624 621 1677 potuisse
654 1638 731 1678 pro
764 1623 878 1664 haud
911 1623 1041 1665 dubio
1074 1623 1273 1665 habitum
1300 1623 1374 1676 sit3
1407 1623 1470 1664 ita
1494 1623 1699 1663 instruxit

129 1684 281 1737 aciem,
320 1683 380 1724 ita
417 1682 512 1724 loco
554 1697 603 1724 ac
643 1682 865 1737 subsidiis,
908 1683 971 1724 ita
1004 1683 1123 1724 omni
1169 1684 1260 1723 arte
1305 1681 1458 1723 bellica
1495 1681 1698 1722 firmavit.

127 1846 162 1868 u.
178 1833 216 1879 6,
231 1837 338 1876 41,4;
368 1833 422 1867 ost
436 1844 529 1877 pace
554 1833 711 1878 belloque
727 1833 780 1879 (2,
795 1837 875 1877 1,1;

127 1881 165 1925 4,
186 1885 298 1924 3,16;
331 1880 367 1927 7,
392 1884 422 1924 1,
443 1882 490 1924 9).

177 1933 209 1962 8.
236 1929 332 1962 nihil
357 1928 496 1962 morari
522 1928 677 1972 aliquem
711 1927 762 1962 ist
794 1927 876 1962 eine

127 1973 417 2019 gebrauchliche
441 1975 587 2009 Formel
608 1986 681 2009 von
701 1975 766 2009 der
786 1975 876 2009 Ent-

127 2022 281 2066 lassung
314 2022 414 2056 eines
442 2021 705 2066 Angeklagten
732 2022 875 2066 infolge

127 2069 409 2103 Zuriicknahme
431 2068 495 2103 der
513 2068 686 2112 Anklage
709 2068 875 2115 (4,42‚8;

128 2115 192 2160 10,
217 2119 269 2157 18,
294 2119 352 2157 13;
379 2114 443 2161 43,
467 2119 522 2158 16,
545 2118 613 2158 16).

174 2163 318 2207 templo]
347 2162 431 2206 Vgl.
459 2161 553 2205 Kap.
577 2166 630 2205 14,
654 2166 708 2196 12.

174 2210 280 2244 hinc.
305 2237 312 2244 .
334 2237 340 2244 .
361 2209 461 2252 hinc]
495 2220 567 2243 von
598 2209 725 2244 Livius
750 2209 788 2243 in
814 2208 875 2244 die

127 2257 242 2291 Prosa
261 2255 474 2300 eingefu'hrt
494 2257 588 2290 statt
607 2257 707 2292 hirae.
725 2285 731 2292 .
749 2285 755 2292 .
771 2257 876 2292 illinc

130 2304 183 2349 (1,
208 2308 262 2345 13,
283 2307 322 2345 23
350 2303 388 2347 2,
407 2306 464 2345 46,
486 2307 505 2337 2
526 2315 559 2337 u.
583 2305 642 2347 a.).

178 2354 231 2384 10.
259 2350 312 2384 M.
341 2349 502 2395 Valerio]
531 2349 615 2393 Vgl.
637 2350 730 2394 Kap.
753 2354 784 2394 3,
806 2354 836 2385 5.

177 2397 308 2442 legato]
334 2396 419 2441 Vgl.
441 2397 533 2441 Kap.
556 2400 611 2440 32,
636 2401 689 2431 14.

179 2448 232 2479 12.
252 2456 292 2479 ea
303 2444 377 2489 ira]
391 2443 875 2488 ‘Zomdariiber',iiblieher

130 2491 183 2526 als
209 2492 268 2526 ira
293 2492 370 2526 eius
396 2491 458 2525 rei.

170 2539 310 2583 populo
336 2538 519 2583 Romano]
543 2537 606 2572 der
620 2536 874 2581 Volksmenge

129 2585 167 2619 in
193 2586 304 2628 Rom,
342 2585 393 2619 im
420 2584 630 2629 Gegensatz
657 2596 739 2618 zum
765 2584 874 2628 Heer,

128 2633 288 2666 welches
312 2631 458 2666 freilich
483 2632 534 2665 im
560 2632 735 2666 weiteren
762 2631 874 2666 Sinne

129 2680 223 2713 auch
248 2690 329 2712 zum
352 2679 513 2723 populus
539 2679 682 2722 gehort.

175 2726 238 2761 36.
287 2730 315 2759 1.
351 2726 558 2769 praeposito
596 2726 637 2759 in
674 2725 778 2770 urbe]
818 2725 873 2759 als

131 2772 389 2816 Stadtprafekt
414 2772 484 2806 mit
510 2772 593 2806 dem
620 2772 772 2813 Rechte,
800 2771 872 2806 den

130 2818 242 2853 Senat
267 2830 311 2852 zu
337 2819 581 2853 versammeln
602 2819 689 2863 (vgl.
704 2819 811 2864 3929,
824 2821 872 2861 4).

128 2865 203 2900 Der
234 2866 373 2901 Konsul
400 2865 439 2900 L.
468 2865 598 2900 Furius
625 2866 738 2910 (Kap.
759 2870 816 2911 29,
837 2868 872 2909 8)

950 1843 1027 1867 war
1045 1832 1143 1867 wohl
1159 1832 1367 1877 gestorben‚
1386 1832 1451 1866 der
1465 1831 1596 1867 Pr'ator
1608 1830 1699 1866 viel-

949 1879 1067 1914 leicht
1093 1880 1281 1914 erkrankt.

1000 1926 1144 1972 OEa380]
1174 1927 1257 1970 Vgl.
1271 1926 1365 1971 Kap.
1382 1929 1436 1969 12,
1447 1929 1478 1960 2.
1505 1925 1610 1960 Nach
1627 1925 1698 1959 den

950 1973 1262 2008 Konsularfasten
1301 1972 1437 2008 musste
1476 1972 1520 2015 Q.
1559 1971 1696 2007 Fabius

950 2020 1151 2055 abdanken
1176 2021 1251 2054 und
1277 2020 1315 2055 L.
1343 2018 1515 2064 Papirius
1542 2019 1699 2054 Crassus

948 2068 1074 2103 wurde
1101 2079 1149 2102 an
1175 2068 1274 2102 scine
1302 2066 1418 2102 Stelle
1444 2078 1527 2100 zum
1552 2064 1699 2100 Reiter-

949 2115 1075 2149 oberst
1094 2114 1278 2159 gewahlt3
1305 2115 1405 2149 dann
1427 2113 1580 2148 ffihrten
1598 2108 1697 2147 nach

949 2162 1070 2196 einem
1098 2160 1417 2196 Senatsbeschluss
1437 2160 1502 2195 der
1521 2159 1699 2194 Diktator

947 2209 1024 2243 und
1051 2208 1117 2242 der
1137 2208 1392 2243 Reiteroberst
1418 2208 1478 2242 ein
1496 2206 1588 2242 Jahr
1607 2207 1698 2251 lang

949 2257 1045 2291 ohne
1071 2256 1240 2290 Konsuln
1266 2255 1325 2290 die
1351 2254 1574 2299 Regierung.

989 2303 1078 2347 pro]
1108 2303 1205 2337 ‘als'
1245 2302 1328 2346 (wie
1354 2303 1446 2345 Kap.
1470 2304 1508 2345 1,
1535 2302 1570 2345 5)
1608 2300 1698 2335 oder
1770 2292 1774 2293 ⁷

950 2349 1078 2384 ‘kraft'
1108 2349 1192 2394 (wie
1218 2350 1310 2394 Kap.
1331 2354 1364 2392 2,
1387 2351 1456 2393 11).

996 2401 1028 2432 3.
1054 2396 1237 2441 momenti]
1248 2396 1480 2440 Bedeutung,
1489 2395 1540 2430 im
1552 2394 1697 2439 Gegen-

948 2445 1025 2478 satz
1052 2456 1114 2477 zur
1141 2442 1406 2488 Unth'atigkeit
1437 2443 1502 2476 des
1527 2442 1695 2486 Legaten

947 2491 995 2525 M.
1018 2489 1201 2534 Valerius.

994 2538 1100 2582 foret]
1130 2538 1223 2572 statt
1243 2540 1340 2579 esset,
1365 2536 1417 2571 im
1438 2535 1694 2578 Bedingungs-

948 2587 1036 2619 satz.

995 2635 1026 2666 4.
1055 2630 1146 2676 loco]
1180 2641 1266 2665 vom
1303 2629 1503 2674 giinstigen
1542 2627 1693 2662 Terrain

947 2690 991 2712 zu
1005 2679 1203 2712 verstenen
1223 2678 1281 2722 (=
1303 2678 1371 2712 loci
1395 2676 1694 2721 opportunitate),

946 2725 985 2758 in
1016 2724 1129 2759 freier
1160 2723 1286 2758 Weise
1317 2724 1388 2757 mit
1416 2723 1576 2766 firmavit
1613 2733 1692 2756 ver-

947 2771 1108 2806 bunden.
1123 2769 1362 2816 Dagegenist
1370 2769 1518 2803 fibliche
1528 2769 1692 2803 Redens-

947 2822 1021 2852 art:
1047 2819 1222 2853 subsidiis
1239 2818 1384 2861 firmare
1403 2817 1514 2851 aciem
1536 2815 1587 2862 (4,
1604 2818 1692 2859 37,8

946 2865 1022 2900 und
1047 2869 1111 2909 40,
1134 2869 1172 2907 63
1198 2865 1237 2910 9,
1262 2867 1313 2908 17,
1337 2864 1406 2907 15).
