1794 3084
634 94 780 130 LIBER
806 94 848 130 V.
895 93 998 130 CAP.
1026 97 1081 130 24.
1584 94 1639 135 47

73 112 100 132 ι.
119 105 187 132 Chr.
206 106 267 132 396.
286 105 347 131 395.

74 207 241 258 coepta,
273 203 375 258 quia
408 202 499 257 spei
532 202 707 244 maioris
735 203 992 244 avertendae
1019 202 1227 244 solacium
1255 202 1471 244 obiectum
1499 217 1641 244 cense-

74 263 199 305 bant:
238 276 310 304 cur
343 262 457 303 enim
488 262 673 317 relegari
705 261 876 315 plebem
908 263 953 303 in
985 261 1185 315 Volscos,
1223 275 1319 303 cum
1352 261 1643 316 pulcherrima

74 321 176 364 urbs
202 319 285 363 Vei
312 334 498 376 agerque
520 319 788 362 Veientanus
814 321 857 362 in
885 323 1121 374 conspectu
1148 320 1216 374 sit,
1240 320 1414 362 uberior
1441 321 1642 375 amplior-

75 394 157 435 que
182 379 383 422 Romano
417 379 554 435 agro?
602 379 753 420 urbem
786 393 955 434 quoque
987 379 1085 420 urbi
1112 379 1331 421 Romanae
1363 380 1431 421 vel
1463 379 1548 420 situ
1574 380 1640 420 vel

74 438 399 494 magnificentia
431 438 702 493 publicorum
735 439 1089 492 privatorumque
1121 441 1335 480 tectorum
1368 453 1417 480 ac
1448 438 1640 480 locorum

73 498 411 553 praeponebant.
474 497 578 551 quin
616 496 692 537 illa
729 510 898 551 quoque
938 497 1050 538 actio
1086 498 1362 550 movebatur,
1401 511 1511 552 quae
1542 500 1642 551 post

74 559 245 611 captam
276 556 424 611 utique
457 555 642 597 Romam
675 570 700 596 a
726 554 863 596 Gallis
898 556 1152 597 celebratior
1178 556 1272 610 fuit,
1304 556 1642 611 transmigrandi

73 615 221 658 Veios.
271 618 460 657 ceterum
491 616 662 668 partem
693 614 846 669 plebis,
877 617 1049 669 partem
1081 618 1258 657 senatus
1286 615 1563 657 destinabant
1588 616 1644 657 acl

73 673 334 716 habitandos
359 672 504 724 Veios,
537 673 730 727 duasque
763 673 891 714 urbes
923 674 1165 715 communis
1201 674 1263 715 rei
1289 674 1485 728 publicae
1511 673 1643 716 incoli

75 748 100 775 a
132 733 293 788 populo
326 731 523 774 Romano
556 746 695 786 posse.

194 791 414 833 Adversus
448 805 558 845 quae
591 805 687 832 cum
715 791 950 844 optimates
983 791 1045 832 ita
1070 791 1310 845 tenderent,
1336 795 1385 833 ut
1410 792 1641 834 morituros

73 864 120 893 se
152 850 278 892 citius
305 850 497 892 dicerent
520 850 566 891 in
593 853 825 904 conspectu
851 850 1002 904 populi
1030 849 1226 904 Romani,
1258 866 1387 906 quam
1415 851 1643 906 quicquam

73 923 223 952 earum
262 923 405 951 rerum
443 911 671 964 rogaretur
705 933 756 939 —
793 910 950 964 quippe
989 923 1102 951 nunc
1140 910 1186 950 in
1218 924 1304 951 una
1335 910 1439 951 urbe
1471 913 1642 951 tantum

73 968 392 1011 dissensionum
425 982 537 1021 esse,
570 967 671 1022 quid
703 968 748 1009 in
780 968 947 1010 duabus
979 968 1159 1010 urbibus
1191 968 1314 1010 fore?
1348 969 1562 1011 victamne
1594 972 1643 1010 ut

73 1031 301 1083 quisquam
333 1027 502 1069 victrici
533 1027 701 1080 patriae
733 1027 971 1081 praeferret
1003 1027 1247 1082 sineretque
1274 1028 1481 1070 maiorem
1507 1028 1642 1070 fortu-

71 1100 174 1128 nam
207 1087 346 1141 captis
379 1100 473 1128 esse
506 1086 624 1140 Veis,
656 1101 783 1141 quam
816 1086 1107 1128 incolumibus
1139 1086 1302 1128 fuerit?
1343 1089 1564 1141 postremo
1598 1100 1642 1128 se

71 1146 258 1201 relinqui
310 1160 336 1187 a
386 1145 550 1187 civibus
602 1145 649 1186 in
692 1146 836 1199 patria
879 1159 1023 1200 posse3
1074 1148 1122 1187 ut
1165 1146 1411 1200 relinquant
1454 1147 1643 1201 patriam

75 1207 205 1260 atque
244 1204 371 1258 cives,
402 1204 567 1246 nullam
600 1204 687 1246 vim
720 1218 923 1258 umquam
956 1204 1245 1255 subacturam,
1278 1207 1321 1246 et
1356 1204 1403 1247 T.
1436 1204 1644 1246 Sicinium

120 1335 153 1367 5.
180 1332 386 1378 censebant]
413 1331 481 1367 Die
507 1331 680 1376 Plebejer
705 1331 820 1366 mein-

70 1380 159 1424 ten,
199 1378 300 1414 diese
332 1378 492 1414 Kolonie
532 1379 585 1414 sei
619 1379 733 1413 ihnen
765 1379 820 1414 als

70 1425 305 1463 Trostmittel
314 1426 572 1471 hingeworfen
582 1425 745 1469 worden,
757 1438 821 1460 um

71 1474 125 1509 sie
158 1473 409 1509 abzuwenden
440 1484 513 1508 von
539 1474 605 1508 der
630 1473 820 1518 Hoffnung

72 1521 140 1557 auf
161 1521 221 1556 die
244 1520 468 1565 Zuweisung
492 1531 566 1556 von
585 1520 754 1555 Hausern
781 1521 820 1555 in

70 1568 154 1614 Vej
144 1580 158 1603 1
188 1569 265 1603 und
298 1568 364 1603 auf
387 1567 469 1603 eine
495 1568 819 1613 umfangreichere

71 1615 294 1660 Verteilung
318 1626 391 1651 von
417 1615 662 1651 Landereien.

114 1663 365 1708 pulcherrima
388 1663 491 1709 wrbs]
518 1663 556 1697 in
581 1666 600 1705 ξ
622 1666 642 1697 6
668 1663 818 1698 erklart.

121 1714 152 1745 ’1.
179 1711 276 1746 actio
301 1710 525 1756 movebatur]
561 1710 647 1745 ‘der
677 1710 821 1755 Antrag

71 1757 198 1792 wurde
212 1757 252 1792 in
266 1759 470 1802 Auregung
483 1757 700 1802 gebracht’,
717 1760 820 1792 nam-

71 1805 149 1840 lich
174 1816 249 1840 von
274 1804 359 1839 dem
386 1803 633 1839 Volkstribun
659 1803 820 1839 Sicinius

73 1854 109 1898 (ξ
138 1852 194 1898 11)
229 1852 269 1886 in
294 1851 523 1895 Kontionen‚
562 1862 621 1887 wo
658 1863 697 1886 er
722 1851 821 1886 dann

71 1900 169 1935 nach
190 1899 276 1934 dem
291 1898 453 1934 Einfalle
469 1899 534 1934 der
548 1898 688 1933 Gallier
702 1900 820 1934 ernst-

71 1946 191 1982 licher
203 1946 437 1992 besprochen
450 1946 575 1981 wurde
591 1946 695 1991 (Kap.
707 1949 762 1989 50,
772 1947 818 1990 8).

119 1997 151 2029 8.
179 1995 378 2030 communis
401 1994 457 2029 rei
475 1994 662 2039 publicae]
698 1993 821 2028 ‘eines

73 2041 350 2087 gemeinsamen
384 2041 690 2085 Staatswesens',
723 2041 756 2077 d.
784 2041 819 2075 h.

72 2089 215 2124 welche
235 2088 357 2124 einem
380 2088 659 2134 gemeinsamen
680 2088 820 2123 Staats-

71 2147 196 2172 wesen
222 2137 439 2180 angehoren
463 2135 630 2171 wfirden.

116 2183 236 2229 posse]
264 2183 351 2218 Man
377 2182 497 2218 denke
525 2182 606 2218 sich
632 2182 704 2218 den
731 2182 819 2217 Acc.

73 2242 104 2267 c.
123 2230 191 2266 Inf.
219 2230 411 2276 abh‘angig
435 2242 509 2266 von
535 2231 657 2265 einem
678 2241 743 2265 aus
762 2230 820 2265 de-

72 2279 264 2314 stinabant
284 2290 328 2313 zu
342 2277 639 2314 entnehmenden
654 2276 821 2312 Verbum

73 2325 139 2361 des
166 2324 318 2371 Sagens.

121 2377 154 2408 9.
199 2384 280 2408 cum
318 2400 325 2408 .
360 2400 367 2408 .
403 2400 410 2407 .
448 2372 648 2418 tenderent]
693 2371 821 2406 Dieser

73 2419 297 2456 Vordersatz
329 2419 422 2454 wird
447 2419 541 2465 Kap.
567 2423 625 2463 25,
649 2423 666 2453 1
693 2419 732 2453 in
759 2430 820 2453 an-

74 2466 181 2503 derer
205 2467 316 2503 Form
348 2466 486 2502 wieder
519 2467 820 2511 aufgenommen,

72 2526 108 2550 u.
137 2515 237 2550 dann
262 2514 361 2560 folgt
387 2516 462 2550 erst
489 2514 554 2549 der
579 2513 777 2549 Nachsatz.

120 2562 322 2608 tenderent]
352 2561 454 2597 ‘sich
477 2562 731 2606 austrengten,
759 2570 820 2595 an-

72 2608 306 2654 kampften’.
350 2609 392 2644 In
425 2609 565 2644 diesem
591 2608 703 2643 Sinne
729 2607 822 2642 wird

73 2657 215 2692 tendere
228 2655 299 2692 mit
311 2657 484 2692 adversus
492 2656 658 2701 (Prapos.
669 2659 702 2699 3,
714 2659 770 2699 24,
782 2659 801 2690 9
812 2669 820 2697 ς

73 2703 170 2739 Adv.
198 2707 254 2747 34,
275 2707 331 2748 34,
353 2705 387 2748 1)
420 2703 509 2738 oder
540 2704 612 2737 mit
637 2703 722 2738 dem
748 2702 821 2737 Ad-

73 2751 164 2786 verb
190 2754 319 2787 contra
340 2753 388 2795 (3,
411 2754 464 2795 15,
480 2754 519 2793 2;
541 2754 598 2794 27,
613 2753 646 2795 8,
663 2751 720 2793 10)
741 2760 821 2785 ver-

74 2798 237 2833 bunden.

123 2846 232 2881 citius
258 2871 268 2881 .
294 2869 306 2882 .
331 2873 340 2883 .

366 2856 476 2891 quam
503 2873 511 2880 .
538 2874 545 2881 .
574 2871 582 2879 .
615 2844 821 2890 royaretur]

896 1331 1024 1367 Cicero
1046 1332 1172 1367 wfirde
1187 1334 1285 1367 etwa
1298 1343 1429 1378 sagen:
1445 1333 1593 1377 potius.
1612 1360 1618 1367 .
1635 1359 1641 1366 .

895 1390 1005 1424 quam
1024 1380 1216 1424 quicquam
1236 1390 1362 1415 earum
1381 1391 1504 1415 rerum
1517 1380 1644 1424 rogari

889 1437 1078 1471 passuros
1130 1425 1237 1462 Nach
1265 1427 1386 1462 einem
1411 1427 1498 1462 Ace
1525 1438 1554 1462 c
1574 1426 1644 1462 Inf.

894 1473 964 1508 mit
983 1475 1123 1519 potius,
1143 1475 1265 1519 prius,
1292 1475 1403 1510 citius
1428 1485 1536 1519 quam
1554 1473 1644 1509 lasst

892 1521 1021 1556 Livius
1067 1522 1139 1556 den
1176 1521 1409 1566 Konjunktiv
1447 1522 1516 1556 mit
1554 1521 1645 1556 oder

894 1567 990 1603 ohne
1016 1572 1058 1603 ut
1084 1568 1223 1614 folgen.
1250 1573 1307 1612 24,
1329 1573 1361 1612 3,
1385 1572 1427 1604 12
1448 1569 1644 1604 morituros

892 1626 928 1650 se
941 1616 1037 1659 αᾶᾔφ
1039 1617 1192 1652 mabant
1204 1617 1315 1652 citius
1327 1628 1436 1661 quam
1449 1617 1491 1651 in
1505 1617 1644 1652 alienos

891 1674 1006 1698 mores
1026 1664 1184 1710 leyesque
1202 1667 1316 1699 vertet
1318 1668 1441 1706 entur
1463 1668 1519 1707 35,
1529 1668 1588 1707 31,
1601 1667 1643 1698 16

892 1711 934 1745 in
978 1721 1132 1755 corpora
1175 1721 1245 1746 sua
1282 1712 1392 1746 eitius
1428 1691 1643 1754 saev’ituroe,

892 1768 1001 1802 quam
1033 1762 1074 1793 ut
1100 1757 1308 1794 Romanam
1342 1759 1544 1794 amieitzam
1569 1759 1643 1794 vio-

893 1806 1021 1840 tarent.

940 1854 1133 1897 quicquam
1152 1863 1278 1888 earum
1296 1853 1433 1898 rerum]
1455 1852 1560 1887 nicht
1578 1864 1643 1886 un-

893 1898 1172 1944 gewohnlicher
1192 1900 1247 1934 als
1263 1899 1366 1936 Caes.
1388 1900 1422 1935 b.
1439 1899 1480 1935 G.
1504 1904 1534 1943 1,
1550 1903 1606 1943 32,
1621 1903 1643 1933 2

892 1947 987 1981 nihil
1021 1957 1147 1982 earum
1184 1958 1325 1990 rerum;
1363 1951 1396 1991 3,
1417 1951 1473 1991 26,
1495 1951 1515 1981 3
1554 1947 1644 1991 quid

892 1995 945 2028 rei
958 1998 1139 2039 yereretur
1153 1994 1242 2039 (vgl.
1257 1993 1337 2030 Liv.
1353 1998 1409 2038 23,
1422 1998 1476 2037 19,
1486 1995 1537 2038 5);
1568 1993 1642 2029 Cic.

893 2041 939 2076 de
965 2052 1016 2077 or.
1044 2045 1077 2085 2,
1098 2045 1142 2076 22
1175 2042 1264 2087 quid
1294 2053 1428 2078 causae
1459 2045 1529 2084 est;
1559 2040 1640 2075 Liv.

893 2091 949 2132 23,
980 2092 1032 2132 19,
1061 2093 1104 2124 13
1133 2090 1174 2124 id
1199 2090 1368 2134 inopiae;
1399 2093 1455 2133 43,
1477 2092 1533 2133 17,
1554 2091 1574 2123 8
1601 2088 1642 2123 id

892 2137 1128 2181 iqnominiae.
1169 2136 1262 2181 Kap.
1291 2141 1323 2180 3,
1345 2141 1377 2172 8.

942 2198 997 2229 10.
1024 2195 1192 2241 urbibus]
1226 2195 1434 2240 zugesetzt,
1473 2206 1536 2230 um
1569 2194 1641 2229 den

894 2241 1104 2287 Gegensatz
1130 2255 1174 2276 zu
1200 2242 1332 2277 heben.

940 2289 997 2335 ut]
1026 2288 1219 2335 unwillige
1239 2290 1359 2335 Frage
1385 2289 1456 2324 mit
1478 2293 1531 2333 ut,
1558 2288 1642 2324 eine

893 2336 1106 2381 Zumutung
1131 2336 1454 2379 zurfickweisend3
1481 2336 1541 2372 bei
1561 2336 1639 2371 Liv.

893 2384 988 2418 auch
1011 2388 1044 2427 4,
1065 2388 1097 2427 2,
1120 2388 1181 2427 123
1208 2383 1389 2420 zuweilen
1415 2384 1473 2419 bei
1502 2382 1640 2420 Cicero.

935 2443 1100 2489 patriae]
1127 2442 1270 2478 Daraus
1296 2443 1346 2478 ist
1371 2455 1415 2478 zu
1439 2444 1573 2478 victam
1597 2454 1641 2477 zu

894 2490 1119 2526 entnehmen
1144 2491 1278 2526 urbem.
1318 2490 1411 2535 Kap.
1439 2494 1496 2534 30,
1517 2494 1548 2525 3.

944 2564 997 2596 11.
1047 2561 1298 2607 subacturum]
1421 2562 1641 2605 effecturam,

893 2611 1102 2643 coacturam
1133 2608 1372 2653 (erzwingen,
1412 2609 1638 2653 vermogen).

893 2656 1058 2700 subiyere
1096 2655 1212 2690 findet
1251 2655 1330 2690 sich
1370 2655 1548 2690 zuweilen
1580 2654 1641 2689 bei

894 2702 1021 2737 Livius
1042 2702 1097 2737 als
1115 2713 1295 2746 synonym
1310 2713 1382 2737 von
1396 2712 1516 2748 coqere
1529 2701 1641 2747 (nach

893 2748 1049 2784 Plautus
1076 2749 1152 2784 und
1179 2750 1347 2793 Sallust).

943 2800 975 2832 et
996 2825 1002 2831 .
1026 2824 1032 2830 .
1055 2825 1062 2832 .
1083 2797 1300 2843 sequantur]
1323 2813 1366 2826 =
1387 2800 1420 2832 et
1439 2800 1479 2832 ut
1501 2824 1508 2831 .
1531 2824 1538 2831 .
1561 2824 1567 2832 .
1588 2807 1639 2832 se-

894 2847 1076 2890 quantur,
1115 2843 1298 2879 ebenfalls
1337 2844 1529 2890 abhangig
1566 2854 1641 2880 von

1672 921 1714 952 10

1673 1097 1713 1128 11
