1794 3084
127 108 182 147 14
632 106 779 142 LIBER
804 107 901 144 VIII.
946 106 1046 143 CAP.
1067 111 1100 142 4.
1127 111 1158 142 5.
1481 126 1506 144 a.
1526 126 1554 145 u.
1575 126 1601 144 c.
1620 121 1683 146 414.

56 226 98 256 1‘3
245 214 362 256 Haec
393 215 592 256 ferociter
625 229 711 256 non
737 215 935 256 suadenti
962 215 1115 265 solum,
1148 214 1219 255 sed
1247 215 1471 270 pollicenti
1497 216 1683 258 clamore

124 276 167 315 et
193 275 379 315 adsensu
406 288 555 315 omnes
582 273 878 328 permiserunt,
910 276 958 315 ut
990 276 1137 328 ageret
1169 273 1424 329 diceretque,
1455 289 1563 329 quae
1589 289 1611 316 e
1636 289 1683 317 re

122 333 296 387 publica
328 332 513 373 nominis
546 331 691 373 Latini
722 331 888 386 fideque
923 347 1002 374 sua
1033 331 1291 375 viderentur.

73 388 100 430 5
246 390 330 433 Ubi
363 394 428 432 est
459 391 643 432 Romam
676 393 868 444 ventum,
910 391 956 432 in
998 390 1214 446 Capitolio
1254 392 1313 432 eis
1352 394 1526 433 senatus
1559 391 1682 434 datus

127 453 202 492 est.
234 450 295 491 ibi
329 464 423 491 cum
458 449 506 491 T.
532 449 720 491 Manlius
754 450 902 491 00113111
935 450 1095 505 egisset
1128 465 1224 491 cum
1257 450 1317 491 eis
1344 464 1395 491 ex
1426 450 1683 493 auctoritate

77 518 96 548 2
123 512 314 563 patrum,
357 523 410 549 ne
454 507 718 550 Samnitibus
761 508 989 550 foederatis
1034 509 1195 550 bellum
1236 508 1463 564 inferrent,
1500 508 1684 564 Annius,

125 572 347 622 tamquam
386 568 521 609 victor
560 567 690 608 armis
723 566 988 621 Capitolium
1028 567 1228 622 cepisset,
1264 582 1352 609 non
1388 568 1560 622 legatus
1589 569 1681 610 iure

77 625 96 666 ἐ
125 626 318 682 gentium
350 628 469 667 tutus
496 627 755 680 loqueretur,
777 625 981 692 ‘Tempus
1003 626 1107 668 erat'
1140 626 1299 680 inquit,
1332 625 1394 668 (Τ.
1422 626 1557 668 Manli
1588 642 1682 670 vos-

124 699 203 739 que
235 688 380 739 patres
414 685 660 739 conscripti,
691 685 867 726 tandem
898 686 985 726 iam
1011 700 1087 727 vos
1113 685 1336 727 nobiscum
1363 685 1473 727 nihil
1499 700 1576 740 pro
1603 686 1681 727 im-

122 744 241 810 perio
271 757 409 798 agere,
430 759 527 785 cum
547 743 897 785 florentissimum
920 744 1045 785 deum
1066 744 1335 799 benignitate
1356 744 1530 786 Latium
1550 745 1681 786 armis

121 803 321 857 virisque,
353 801 620 844 Samnitibus
654 803 767 844 bello
800 803 938 856 victis,
972 780 1193 845 Sidicini?
1196 802 1514 858 Campanisque
1541 803 1682 858 sociis,

121 876 235 903 nunc
257 862 387 902 etiam
412 861 584 903 Volscis
612 861 838 915 adiunctis,
862 862 1078 916 videretis,
1105 861 1294 903 colonias
1322 876 1490 928 quoque
1514 864 1680 904 vestras

70 931 91 960 4
117 920 320 961 Latinum
340 920 538 962 Romano
558 920 845 974 praetulisse
834 921 1073 974 lmperium.
1114 921 1187 962 sed
1208 921 1412 975 quoniam
1433 935 1521 975 vos,
1540 935 1674 976 regno

53 995 60 1017 ι
114 979 346 1033 impotenti
384 980 512 1020 finem
551 982 599 1020 ut
630 979 875 1034 imponatis,
907 993 996 1020 non
1027 979 1231 1021 inducitis
1269 980 1313 1020 in
1345 980 1555 1034 animum,
1584 994 1676 1031 nos,

115 1052 375 1092 quamquam
421 1038 551 1079 armis
602 1053 832 1092 possumus
876 1038 1071 1079 adserere
1115 1038 1287 1080 Latium
1332 1039 1378 1079 in
1419 1039 1676 1094 libertatem,

114 1097 484 1152 consanguinitati
515 1100 661 1138 tamen
693 1096 776 1138 1100
809 1097 1019 1151 dabimus,
1051 1100 1099 1138 ut
1126 1097 1397 1139 condiciones
1422 1098 1541 1151 pacis
1567 1097 1674 1138 fera-

112 1171 208 1197 mus
242 1170 399 1210 aequas
431 1156 642 1210 utrisque,
682 1155 884 1210 quoniam
922 1156 1034 1197 vires
1074 1171 1241 1211 quoque
1281 1157 1454 1210 aequari
1499 1156 1565 1198 dis
1596 1157 1673 1197 im-

64 1225 84 1255 5
113 1215 369 1256 mortalibus
402 1215 573 1268 placuit.
623 1215 842 1256 consulem
876 1216 1056 1256 alterum
1083 1215 1232 1266 Roma,
1260 1216 1444 1256 alterum
1471 1230 1522 1257 ex
1546 1214 1673 1257 Latio

109 1274 245 1314 creari
279 1276 462 1327 oportet,
495 1276 668 1314 senatus
701 1276 867 1326 partem
901 1288 1079 1328 aequam
1113 1289 1163 1316 ex
1194 1277 1376 1329 utraque
1408 1277 1536 1329 gente
1568 1288 1674 1328 0330,

60 1342 80 1373 6
107 1347 240 1373 111111111
266 1332 485 1387 populum,
511 1347 642 1374 unam
668 1347 759 1372 rem
786 1332 1003 1386 publicam
1029 1333 1134 1375 fieri.
1179 1336 1233 1385 et,
1259 1336 1310 1374 ut
1335 1333 1506 1387 imperii
1526 1333 1674 1375 eadem

109 1391 229 1432 sedes
273 1391 329 1432 sit
366 1391 564 1445 idemque
605 1391 801 1431 omnibus
843 1405 1018 1441 nomen,
1063 1392 1266 1445 quoniam
1311 1392 1364 1432 ab
1403 1392 1541 1434 altera
1577 1394 1674 1433 utra

39 1452 48 1484 ί
108 1454 229 1504 parte
263 1450 438 1491 concedi
471 1464 643 1491 necesse
678 1452 754 1503 est,
787 1450 899 1504 quod
932 1450 1124 1504 utrisque
1157 1451 1265 1491 bene
1296 1454 1451 1503 vertat,
1484 1450 1542 1491 sit
1565 1450 1672 1492 haec

108 1523 209 1550 sane
242 1509 383 1563 patria
415 1509 572 1563 potior,
604 1510 647 1549 et
678 1508 865 1550 Romani
898 1523 1046 1550 omnes
1081 1508 1311 1550 vocemur'.

61 1584 80 1614 7
225 1567 354 1609 Forte
386 1567 448 1608 ita
476 1567 640 1620 accidit,
667 1569 715 1607 ut
746 1581 894 1621 parem
926 1568 1114 1609 ferociae
1141 1568 1266 1608 huius
1293 1570 1336 1608 et
1359 1567 1546 1609 Romani
1572 1581 1671 1609 con-

110 1627 245 1668 sulem
278 1626 325 1666 T.
351 1625 562 1667 Manlium
594 1626 821 1679 haberent,
849 1626 921 1680 qui
955 1626 1060 1667 adeo
1093 1641 1179 1667 non
1211 1626 1352 1667 tenuit
1381 1626 1509 1681 iram,
1540 1629 1600 1681 ut,
1633 1627 1671 1668 si

157 1746 210 1776 12.
239 1742 374 1788 onmes]
396 1741 538 1776 welche
553 1741 621 1775 auf
631 1741 716 1776 dem
730 1741 851 1776 Land-

106 1791 194 1833 tage
221 1800 385 1833 zugegen
412 1800 547 1823 waren.

978 1742 1210 1788 praetulisse]
1225 1741 1263 1776 in
1272 1741 1478 1787 gewahlter
1488 1742 1672 1787 Stellung,

929 1788 999 1823 wie
1026 1789 1064 1834 9,
1088 1792 1141 1832 17,
1163 1795 1182 1824 9
1210 1790 1261 1833 (si
1288 1790 1473 1824 Pwnicum
1503 1789 1672 1825 Romano

154 1848 170 1870 e
196 1847 233 1870 re
255 1835 420 1881 publica]
451 1834 659 1870 ‘vereiubar
679 1835 748 1870 mit
768 1836 852 1870 dem
921 1838 1178 1880 praevertisset
1203 1836 1346 1880 bellum)
1371 1836 1447 1870 und
1473 1835 1536 1882 21,
1561 1839 1617 1880 10,
1636 1840 1670 1871 3.

106 1883 357 1926 allgemeinen
383 1883 554 1926 Besten',
581 1883 663 1917 eine
689 1882 745 1917 oft
769 1894 850 1917 vor-

106 1930 330 1965 kommende
356 1931 557 1974 Wendung
583 1929 689 1974 (Kap.
712 1933 767 1974 23,
788 1934 848 1972 113

107 1981 163 2019 32,
188 1980 248 2018 183
275 1976 313 2023 6,
335 1980 391 2019 22,
412 1981 432 2011 6
453 1977 528 2011 und
549 1980 605 2019 23,
628 1979 697 2019 10).

154 2024 191 2059 5.
219 2028 250 2059 1.
278 2025 402 2068 eyisset
420 2035 500 2059 cum
521 2024 584 2068 eis]
607 2023 740 2058 milder
758 2023 850 2058 Aus-

108 2071 224 2105 druck
251 2073 344 2105 statt
369 2072 418 2105 eis
443 2072 701 2114 imperavisset.

155 2123 186 2152 3.
215 2122 352 2162 tempus
372 2118 464 2164 erat]
489 2118 562 2152 ‘die
584 2117 664 2152 Zeit
683 2128 759 2151 war
774 2118 849 2160 da’,

107 2164 272 2199 namlich
300 2165 437 2209 gerade
466 2165 576 2210 jetzt,
609 2165 657 2199 da
689 2165 850 2199 Manlius

108 2213 180 2246 den
207 2212 383 2245 Latinern
416 2212 487 2246 den
522 2211 650 2246 Befehl
686 2212 749 2246 des
789 2211 849 2246 Se-

106 2260 213 2293 nates
252 2258 447 2302 mitteilte,

108 2305 187 2340 Zeit
212 2305 413 2349 gewesen’.

159 2353 198 2386 T.
211 2350 355 2396 Blanlc']
382 2351 456 2386 Der
470 2351 670 2395 Vorsitzer,
692 2353 852 2387 welcher

106 2399 158 2433 im
195 2400 339 2433 Namen
377 2400 441 2433 des
482 2399 634 2433 Senates
672 2399 742 2433 mit
779 2400 851 2434 den

108 2446 320 2481 Gesandten
346 2446 578 2486 verbandelt‚
606 2445 698 2480 wird
725 2447 851 2481 beson-

109 2493 190 2528 ders
206 2493 280 2527 und
292 2495 413 2528 zuerst
429 2493 632 2536 angeredet
644 2493 726 2539 (22,
739 2497 794 2536 59,
806 2496 849 2537 1).

149 2551 220 2584 pro
246 2539 416 2586 imperio]
441 2540 524 2584 Vgl.
553 2541 645 2584 Kap.
667 2544 698 2583 2,
723 2544 751 2574 1.

155 2587 337 2622 Latinum
369 2587 553 2632 Romano]
597 2598 680 2621 vom
718 2587 850 2622 Stand-

105 2634 227 2677 punkt
248 2635 312 2669 (101·
332 2635 546 2677 Κο10010011,
574 2634 666 2669 statt
690 2637 852 2669 nostrum

106 2685 231 2716 vestro.

155 2728 342 2774 Romano]
368 2727 552 2762 zwischen
572 2727 755 2762 Latinum
779 2728 854 2762 und

107 2775 299 2817 imperium
320 2773 615 2819 hineingestellt.
645 2775 851 2821 Vg1.7,7‚3

108 2832 222 2855 novus
247 2823 357 2857 veteri
377 2823 554 2857 exercitus
574 2823 761 2866 iunyitzcr3
788 2821 852 2867 28,

108 2871 164 2910 33,
190 2872 231 2901 11
255 2869 329 2902 und
356 2873 411 2912 39,
433 2873 464 2903 6.

485 2259 538 2293 (03
574 2262 671 2292 w'are
706 2269 751 2293 an
784 2259 850 2294 der

971 1888 1004 1917 4.
1030 1883 1156 1929 reyno]
1170 1884 1226 1918 ein
1239 1883 1456 1928 gehassiger
1464 1882 1671 1919 Ausdruck.

971 1931 1176 1976 impotenti]
1203 1930 1366 1972 masslos,
1386 1929 1621 1975 ungezfigelt.

972 1978 1106 2012 induco
1156 1979 1197 2012 in
1240 1979 1421 2020 animum,
1468 1976 1545 2011 ‘ich
1590 1979 1670 2012 ent-

927 2024 1098 2058 schliesse
1114 2023 1226 2068 mich,
1240 2025 1412 2059 verstehe
1428 2024 1528 2058 mich
1544 2024 1669 2066 dazu’,

924 2070 994 2105 mit
1021 2071 1086 2105 Inf.
1114 2072 1202 2106 oder
1228 2075 1277 2107 ut.
1329 2071 1395 2106 Bei
1419 2070 1545 2105 Livius
1571 2070 1668 2106 fehlt

926 2119 991 2153 das
1026 2120 1067 2153 in
1099 2117 1176 2161 nie,
1217 2117 1343 2154 Cicero
1378 2118 1549 2162 dagegen
1583 2119 1670 2163 sagt

925 2165 1103 2199 meistens
1130 2167 1265 2201 induco
1292 2167 1466 2201 animum.

971 2212 1155 2257 dabimus]
1189 2212 1240 2246 im
1267 2212 1378 2247 Sinnc
1403 2224 1476 2247 von
1501 2212 1666 2247 concede-

923 2271 1002 2294 mus
1029 2258 1320 2303 (‘einr'aumen')
1365 2259 1449 2303 Vgl.
1476 2259 1514 2304 3,
1540 2263 1597 2304 46,
1623 2262 1661 2302 33

927 2305 965 2352 5,
992 2310 1046 2350 17,
1070 2312 1101 2342 9

973 2364 1106 2398 aequas
1135 2354 1315 2399 utrisque]
1344 2352 1506 2388 ‘welche
1533 2351 1668 2387 beiden

925 2400 1054 2435 Teilen
1082 2400 1225 2445 gleiche
1251 2400 1392 2435 Rechte
1418 2399 1565 2444 geben’.

972 2451 1004 2483 5.
1030 2447 1149 2482 Roma
1164 2475 1171 2482 .
1195 2475 1201 2482 .
1224 2459 1287 2483 ‚ex
1299 2448 1429 2493 Latio]
1439 2446 1669 2491 ungewohn-

923 2494 1040 2528 licher
1064 2494 1273 2538 Ausdruck,
1290 2512 1333 2524 =
1348 2506 1391 2529 ex
1417 2494 1597 2528 Romanis
1608 2520 1616 2527 .
1631 2520 1639 2527 .
1655 2519 1662 2526 .

923 2552 966 2576 ex
992 2541 1152 2576 Latinis.
1203 2541 1286 2586 Vgl.
1308 2541 1389 2577 Val.
1412 2542 1508 2575 Μαι.
1532 2540 1570 2585 6,
1591 2543 1623 2582 4,
1645 2543 1664 2572 1

925 2589 1104 2623 consulem
1113 2589 1265 2623 alterum
1275 2588 1405 2633 Capua
1412 2587 1530 2623 creari
1535 2587 1665 2621 debere.

974 2639 1005 2669 6.
1031 2636 1088 2681 ut]
1115 2635 1305 2680 abh'angig
1331 2647 1404 2670 von
1429 2633 1584 2669 concedi.

973 2685 1004 2716 7.
1027 2693 1198 2726 parem..
1217 2681 1434 2726 ,consulem]
1461 2681 1555 2715 etatt
1580 2690 1663 2715 con-

924 2729 1048 2772 sulem,
1075 2730 1180 2764 cuius
1199 2729 1336 2773 ferocia
1354 2739 1429 2772 par
1454 2730 1558 2769 esset,
1584 2726 1666 2762 eine

927 2776 982 2810 oft
1006 2775 1296 2811 vorkommende
1321 2775 1442 2809 Kfirze
1473 2774 1538 2808 des
1571 2773 1664 2807 Aus-

926 2823 1062 2857 drucks
1088 2822 1195 2867 (Kap.
1211 2826 1244 2866 8,
1262 2826 1299 2864 2;
1329 2825 1383 2865 18,
1406 2825 1464 2864 11;
1491 2820 1529 2866 5,
1550 2824 1607 2864 23,
1624 2825 1661 2863 6;

925 2870 964 2914 9,
988 2873 1043 2913 1ο,
1064 2872 1109 2913 3).
