1794 3084
109 131 136 149 a.
158 122 210 149 eh.
230 129 259 148 n.
279 121 339 148 325.
359 122 421 146 324.
611 110 757 146 LIBER
785 109 882 146 VIII.
931 108 1034 144 CAP.
1056 113 1111 146 36.
1140 112 1195 145 37.
1630 108 1683 149 79

111 223 329 264 cessatum
364 235 387 261 a
419 219 558 261 milite
592 233 640 261 ac
679 219 730 260 de
768 219 999 273 industria,
1040 221 1088 259 ut
1127 218 1444 259 obtrectaretur
1482 216 1684 262 laudibus

109 280 241 334 ducis,
268 278 478 334 impedita
504 279 686 321 victoria
715 281 792 320 est.
842 278 989 333 plures
1018 276 1278 319 Samnitium
1305 276 1506 327 cecidere,
1539 276 1684 330 plures

107 338 296 382 Romani
326 338 543 380 vulnerati
576 341 687 380 sunt.
853 375 859 380 .

229 396 374 440 Sensit
405 397 569 452 peritus
597 397 694 451 dux,
727 411 838 450 quae
865 410 934 437 res
961 396 1168 437 victoriae
1197 395 1412 437 obstaret:
1445 397 1684 449 temperan-
1712 405 1730 435 5

113 458 214 500 dum
240 457 465 512 ingenium
498 471 623 498 suum
657 470 750 497 esse
783 458 826 497 et
859 456 1134 497 severitatem
1167 454 1432 496 miscendam
1465 454 1686 495 comitate.

108 517 254 572 itaque
275 516 484 558 adhibitis
505 515 664 571 legatis
691 515 785 569 ipse
812 515 1069 557 circumiens
1097 514 1266 555 saucios
1293 514 1464 567 milites,
1491 513 1682 554 inserens
1711 522 1731 554 6

108 577 154 618 in
180 576 372 618 tentoria
398 577 529 630 caput
555 575 848 630 singulosque,
875 576 923 615 ut
944 588 1037 615 sese
1059 572 1279 626 haberent,
1305 573 1516 627 rogitans,
1537 586 1685 613 curam
1783 601 1794 619 .

110 649 259 678 eorum
280 635 542 677 nominatim
568 634 726 689 legatis
754 633 1025 687 tribunisque
1053 635 1096 673 et
1122 632 1354 687 praefectis
1382 632 1684 673 demandabat.

109 709 201 736 rem
233 709 310 749 per
343 709 387 736 se
420 694 672 748 popularem
705 694 767 734 ita
800 693 970 733 dextere
1004 693 1111 747 egit,
1149 694 1197 733 ut
1236 691 1457 732 medendis
1498 690 1687 745 corpori·
1714 701 1733 732 7

111 755 192 796 bus
220 754 353 795 animi
379 753 517 795 multo
544 753 664 807 prius
692 752 882 793 militum
915 751 1169 805 imperatori
1198 750 1582 793 reconciliarentur
1608 764 1687 791 nec

109 813 340 868 quicquam
373 812 426 854 ad
459 812 764 854 salubritatem
797 810 1014 853 efficacius
1060 810 1209 865 fuerit,
1251 825 1381 864 quam
1415 810 1528 865 quod
1562 812 1687 864 grato

112 872 258 914 animo
293 886 344 914 ea
378 886 479 914 cura
512 874 689 926 accepta
722 873 797 912 est.

230 931 412 973 Refecto
454 931 645 972 exercitu
686 944 782 971 cum
825 929 952 971 hoste
995 942 1253 984 congressus
1292 928 1409 970 haud
1449 928 1580 969 dubia
1615 941 1688 981 spe
1716 937 1737 969 8

110 1005 188 1033 sua
220 990 492 1045 militumque
524 990 588 1031 ita
620 989 735 1031 fudit
769 989 1022 1044 fugavitque
1057 987 1292 1042 Samnites,
1324 991 1373 1029 ut
1403 988 1477 1029 ille
1509 987 1689 1028 ultimus

111 1050 172 1091 eis
232 1049 323 1092 dies
381 1049 632 1091 conferendi
689 1049 815 1104 signa
872 1062 969 1090 cum
1027 1047 1239 1089 dictatore
1296 1047 1438 1089 fuerit.
1513 1046 1690 1087 incessit
1717 1056 1737 1087 9

112 1108 285 1161 deinde,
327 1123 412 1163 qua
444 1109 565 1149 duxit
595 1108 780 1163 praedae
813 1121 929 1161 spes,
968 1107 1106 1149 victor
1147 1106 1359 1148 exercitus
1393 1105 1689 1160 perlustravit-

115 1182 197 1223 que
223 1168 416 1210 hostium
444 1181 586 1222 agros,
618 1167 740 1209 nulla
773 1181 906 1222 arma,
937 1167 1105 1208 nullam
1138 1166 1237 1220 vim,
1269 1180 1348 1207 nec
1382 1168 1579 1220 apertam
1611 1178 1690 1205 nec

113 1242 164 1269 ex
195 1227 377 1280 insidiis,
411 1231 623 1282 expertus.
666 1226 852 1268 addebat
885 1226 1169 1276 alacritatem,
1204 1224 1318 1279 quod
1351 1225 1537 1266 dictator
1569 1237 1692 1279 prae-
1721 1234 1763 1265 10

116 1287 216 1328 dam
249 1301 422 1328 omnem
455 1287 646 1328 edixerat
678 1286 912 1339 militibus3
957 1299 1035 1326 nec
1074 1284 1139 1326 ira
1178 1284 1318 1339 magis
1350 1284 1528 1338 publica
1561 1297 1692 1338 quam

116 1345 336 1402 privatum
371 1346 671 1401 compendium
705 1345 752 1386 in
784 1345 958 1386 hostem
991 1344 1184 1386 acuebat.

236 1404 318 1447 His
351 1405 546 1446 cladibus
580 1404 750 1446 subacti
783 1403 1002 1446 Samnites
1034 1417 1186 1458 pacem
1214 1418 1239 1444 a
1265 1402 1478 1444 dictatore
1510 1401 1691 1456 petiere3
1722 1412 1763 1442 11

121 1480 218 1507 cum
259 1479 344 1519 quo
384 1464 521 1519 pacti,
564 1466 613 1505 ut
651 1464 824 1519 singula
862 1463 1122 1505 vestimenta
1163 1462 1374 1504 militibus
1418 1465 1461 1503 et
1504 1475 1694 1502 annuum

119 1524 384 1579 stipendium
425 1524 599 1579 darent,
643 1538 739 1565 cum
779 1522 841 1564 ire
881 1523 934 1564 ad
977 1525 1175 1563 senatum
1220 1521 1328 1562 iussi
1368 1523 1530 1573 essent,
1575 1534 1693 1561 secu·
1722 1530 1763 1561 12

118 1586 240 1625 turos
286 1598 330 1624 se
376 1583 633 1625 dictatorem
676 1581 1013 1637 responderunt,
1063 1581 1190 1622 unius
1236 1581 1327 1622 eius
1378 1579 1478 1620 fidei
1523 1579 1693 1620 virtuti-

119 1658 200 1698 que
228 1657 404 1684 causam
433 1657 557 1684 suam
590 1641 958 1684 commendantes.
1008 1641 1070 1682 ita
1103 1640 1310 1682 deductus
1344 1654 1394 1681 ex
1422 1638 1694 1681 Samnitibus

115 1702 339 1744 exercitus.

234 1759 438 1802 Dictator
480 1759 756 1814 triumphans
801 1760 951 1801 urbem
998 1762 1065 1801 est
1109 1759 1351 1814 ingressus3
1397 1760 1457 1811 et,
1503 1771 1600 1798 cum
1646 1755 1761 1798 se37

163 1905 194 1938 5.
222 1900 514 1944 temperandum.
533 1928 539 1936 .
557 1900 660 1946 .esse]
679 1899 874 1945 abh'angig

114 1960 189 1984 von
215 1948 346 1991 sensit,
375 1947 436 1982 ‘er
468 1951 592 1982 mfisse
625 1946 754 1982 seinen
781 1947 872 1982 Sinn

115 1995 314 2041 m'assigen,
341 1994 443 2030 scine
455 1994 577 2030 Natur
591 1994 872 2030 beherrschen’.

164 2054 196 2085 6.
231 2048 472 2093 circumiens]
509 2048 866 2093 herumgehend...

115 2097 187 2141 bei,
215 2097 286 2131 mit
311 2096 396 2131 Ace.
426 2096 536 2140 (Kap.
560 2099 616 2139 37,
638 2097 686 2139 9).

164 2151 220 2194 ut]
254 2149 364 2184 einen
396 2148 638 2192 abhangigen
670 2147 872 2193 Fragesatz

115 2197 333 2240 einleitend,
360 2196 399 2231 in
426 2196 492 2232 der
519 2195 636 2230 Prosa
662 2196 792 2230 selten.

157 2250 372 2296 praefectis]
385 2249 458 2284 den
486 2248 659 2284 Befehlsb
668 2249 782 2283 abern
809 2248 874 2284 der

118 2297 296 2333 Reiterei.
347 2297 433 2342 Vgl.
455 2297 548 2342 Kap.
572 2301 603 2341 7,
627 2301 655 2331 1.

165 2356 196 2387 7.
224 2351 408 2386 medendis
445 2350 677 2396 corporibus]
717 2349 872 2384 Ablativ

115 2400 180 2435 des
202 2397 358 2441 Mittels,
379 2397 448 2432 wie
463 2397 555 2441 Kap.
572 2401 604 2440 4,
621 2402 659 2439 33
681 2395 872 2432 Gerundiv

115 2458 190 2483 von
210 2446 345 2482 mederi
358 2444 398 2479 in
412 2445 534 2480 einem
549 2442 666 2479 Casus
683 2444 870 2489 obliquus,

117 2494 186 2530 wie
213 2492 395 2528 zuweilen
421 2503 496 2527 von
522 2493 597 2536 uti,
621 2492 724 2535 frui,
749 2492 872 2537 funyi,

114 2543 242 2588 potiri.

164 2594 290 2641 prius]
325 2593 469 2636 fther,
505 2590 708 2635 sehneller,
742 2591 799 2626 als
832 2602 871 2627 es

120 2643 217 2678 ohne
243 2641 346 2676 diese
372 2641 556 2684 Ffirsorge
586 2639 650 2674 des
679 2638 871 2674 Diktators

119 2689 330 2734 geschehen
357 2688 436 2723 sein
456 2686 594 2723 wiirde.

169 2741 445 2787 salubritatem]
500 2738 752 2784 Gesundheifi,
804 2739 872 2774 Ge-

119 2799 275 2835 nesung,
296 2807 340 2819 =
365 2790 528 2825 salutem.

168 2842 297 2889 fuerit]
325 2842 447 2877 neben
467 2840 802 2876 reconciliarentur.
831 2839 873 2874 In

121 2889 379 2935 Folgesatzen,
395 2889 537 2925 welche
557 2899 630 2923 von
647 2887 767 2922 einem
784 2887 872 2921 Pra-

946 1899 1102 1934 teritum
1141 1898 1341 1943 abhangen
1377 1897 1454 1932 und
1493 1896 1697 1941 eigentlich

946 1948 1017 1981 mit
1048 1947 1114 1981 der
1147 1946 1372 1991 Gegenwart
1403 1945 1467 1980 des
1493 1944 1698 1979 Redenden

946 1994 1054 2029 nicht
1078 1994 1117 2028 in
1143 1994 1359 2037 Beziehung
1392 1993 1540 2035 stehen,
1572 1991 1696 2026 haben

948 2041 1075 2077 Cicero
1103 2042 1178 2076 und
1205 2041 1317 2075 Casar
1343 2041 1467 2075 selten
1495 2040 1566 2074 den
1587 2039 1696 2083 Konj.

948 2089 1062 2132 Perf.,
1102 2088 1232 2123 Livius
1268 2088 1333 2123 oft.
1384 2087 1459 2122 Das
1486 2086 1582 2121 Perf.
1609 2085 1698 2121 lasst

946 2136 1006 2171 die
1033 2135 1149 2181 Folge
1176 2135 1233 2171 als
1260 2135 1342 2170 eine
1368 2145 1442 2170 von
1468 2135 1532 2168 der
1553 2134 1697 2178 Gegen-

947 2185 1041 2218 wart
1052 2194 1117 2218 aus
1129 2183 1375 2226 betrachtete‚
1394 2182 1472 2217 also
1485 2181 1698 2216 vollendete

948 2230 1161 2266 Thatsache
1182 2231 1411 2266 erscheinen.
1442 2229 1527 2273 Vgl.
1540 2230 1578 2275 5,
1591 2233 1648 2272 45,
1663 2232 1694 2264 4.

996 2282 1028 2313 8.
1049 2279 1150 2321 fudit
1163 2278 1391 2324 fuyavz'tque]
1402 2276 1698 2312 allitterierende

947 2325 1295 2370 Wortverbindung
1338 2337 1401 2360 zur
1440 2324 1700 2368 Bezeichnung

946 2372 1049 2408 eines
1070 2372 1390 2408 entscheidenden
1411 2372 1550 2417 Sieges,
1571 2371 1699 2416 haufig

946 2420 1007 2455 bei
1032 2420 1172 2455 Livius.

993 2469 1203 2511 conserendi
1226 2468 1350 2513 siyna]
1391 2466 1476 2511 Vgl.
1498 2465 1589 2509 Kap.
1614 2469 1644 2507 7,
1666 2468 1697 2499 6.

995 2518 1048 2550 10.
1070 2516 1250 2561 edixerat]
1268 2532 1312 2543 =
1336 2515 1451 2549 edicto
1466 2516 1700 2553 concesserat,

945 2563 1224 2607 zugesprochen
1263 2562 1386 2605 hatte,
1426 2559 1612 2604 Analogie
1652 2570 1697 2593 zu

945 2611 1102 2645 comitiis
1139 2611 1233 2645 diem
1271 2610 1406 2644 edicere
1446 2607 1539 2653 (26,
1570 2609 1631 2647 18,
1659 2611 1697 2649 4;

945 2657 1010 2702 31,
1031 2661 1087 2699 49,
1111 2659 1180 2697 12).

969 2750 976 2756 ι
993 2704 1162 2750 acuebat]
1185 2714 1234 2739 sc.
1249 2714 1319 2747 eos,
1339 2703 1454 2738 reizte
1469 2702 1533 2745 sie,
1546 2702 1698 2746 spornte

948 2762 1002 2786 eie
1030 2763 1089 2787 an.

997 2802 1051 2833 11.
1078 2798 1236 2844 subacti]
1253 2797 1500 2843 gedemfitigt‚
1517 2813 1560 2825 =
1572 2795 1699 2830 coacti.

994 2845 1057 2881 37.
1098 2849 1129 2880 1.
1170 2845 1416 2889 triumphans]
1453 2855 1511 2878 am
1539 2847 1570 2878 ὃ.
1600 2843 1700 2877 Marz

947 2893 1057 2936 (nach
1085 2892 1156 2928 den
1182 2892 1555 2937 Triumphalsasten).
