1794 3084
70 217 111 247 16
140 205 286 246 urbem
321 205 473 245 ducere
506 204 666 244 iubent.

73 335 112 365 17

67 559 124 599 4⁴]

91 688 110 716 2

90 1393 109 1423 5

90 1511 109 1541 6

140 98 194 138 86
621 97 763 131 LIBER
789 96 867 131 VH.
920 95 1018 132 CAP.
1047 101 1102 131 39.
1131 100 1185 132 40.

1491 113 1515 131 a.
1535 113 1564 132 u.
1586 113 1611 131 c.
1633 107 1694 132 412.

726 218 802 245 suo
836 204 973 258 magis
1012 204 1109 245 inde
1148 204 1311 258 impetu
1349 218 1476 258 quam
1515 204 1692 246 consilio

139 264 258 305 ducis
286 264 501 304 convulsis
530 263 663 317 signis
691 263 850 303 infesto
879 262 1049 317 agmine
1077 262 1128 303 ad
1155 262 1342 316 lapidem
1369 266 1566 304 octavum
1587 262 1693 317 viae,

143 337 248 377 quae
275 337 384 363 nunc
407 321 550 376 Appia
574 324 649 373 est,
677 321 946 375 perveniunt,
974 322 1191 375 issentque
1213 321 1439 362 confestim
1463 321 1514 362 ad
1534 321 1694 375 urbem,

142 382 184 422 ni
199 382 341 422 venire
357 384 505 421 contra
523 380 754 421 exercitum
771 380 1109 434 dictatoremque
1125 380 1328 421 adversus
1348 394 1391 421 se
1404 379 1460 422 M.
1472 378 1694 421 Valerium

141 438 326 481 Corvum
360 439 519 480 dictum
553 438 773 480 audissent
807 441 849 479 et
880 439 1137 493 magistrum
1170 439 1360 493 equitum
1390 437 1435 480 L.
1462 437 1694 480 Aemilium

138 498 458 539 Mamercinum.

258 556 343 597 Ubi
375 557 559 611 primum
591 556 636 597 in
668 558 942 609 conspectum
976 557 1149 596 ventum
1185 557 1248 596 est
1275 559 1310 596 et
1335 570 1454 596 arma
1486 555 1693 610 signaque

140 629 370 670 agnovere,
412 615 623 668 extemplo
663 615 859 656 omnibus
892 614 1098 655 memoria
1136 614 1300 668 patriae
1337 614 1423 655 iras
1455 614 1694 668 permulsit.

139 674 328 716 nondun]
363 678 485 715 erant
517 677 609 715 tum
642 674 774 714 fortes
816 673 868 714 ad
901 673 1154 727 sanguinem
1188 673 1374 727 civilem,
1411 686 1487 713 nec
1525 674 1694 726 praeter

138 736 314 774 externa
340 735 548 774 noverant
576 733 698 786 bella,
736 733 969 786 ultimaque
996 732 1137 772 rabies
1166 733 1346 773 secessio
1374 731 1426 772 ab
1454 731 1541 773 suis
1567 731 1695 772 habe-

137 792 273 833 batur.
335 792 479 845 itaque
523 793 608 832 iam
654 791 799 839 duceS,
850 791 936 832 iam
983 791 1139 831 milites
1184 791 1396 845 utrimque
1441 803 1692 844 congressus

139 865 341 905 quaerere
369 851 421 891 ad
449 850 675 903 colloquia,
696 874 752 879 ——
774 849 1010 902 Quinctius,
1044 864 1169 903 quem
1204 864 1419 890 armorum
1453 849 1582 889 etiam
1614 862 1692 902 pro

136 910 277 963 patria
298 910 475 950 satietas
496 911 673 962 teneret,
699 909 852 949 nedum
874 908 1075 950 adversus
1096 908 1296 962 patriam,
1316 907 1525 950 Corvinus
1546 920 1692 948 omnes

141 968 318 1009 caritate
353 968 477 1021 cives,
509 968 736 1021 praecipue
770 967 930 1008 milites
964 969 1006 1007 et
1040 971 1138 1008 ante
1166 967 1274 1008 alios
1303 981 1426 1008 suum
1453 966 1694 1020 exercitum,

140 1027 399 1081 complexus
464 1028 498 1068 2'8
531 1027 582 1068 ad
616 1026 876 1080 colloquium
915 1027 1136 1080 processit.
1195 1026 1368 1080 cognito
1408 1025 1446 1066 ei
1478 1024 1692 1078 extemplo

138 1086 252 1127 haud
290 1086 455 1127 minore
494 1087 545 1127 ab
587 1085 843 1126 adversariis
891 1085 1143 1126 verecundia
1182 1099 1310 1139 quam
1348 1084 1401 1125 ab
1441 1084 1526 1124 suis
1567 1084 1692 1124 silen-

136 1146 244 1186 tium
278 1145 435 1185 datum.

256 1203 400 1244 ‘Deos’
435 1203 575 1257 inquit
607 1201 898 1253 ‘immortales
932 1202 1102 1256 milites,
1134 1203 1300 1243 vestros
1332 1201 1530 1255 publicos
1556 1215 1693 1242 meos-

138 1277 217 1316 que
251 1263 303 1303 ab
342 1262 447 1303 urbe
486 1261 755 1315 proficiscens
793 1261 854 1302 ita
893 1260 1068 1302 adoravi
1107 1261 1359 1315 veniamque
1399 1259 1580 1314 supplex
1617 1273 1691 1313 po-

136 1321 273 1375 posci,
314 1325 361 1362 ut
393 1320 499 1361 mihi
533 1320 582 1361 de
615 1321 735 1361 vobis
768 1319 1022 1360 concordiae
1054 1322 1205 1373 partae
1245 1319 1447 1372 gloriam,
1490 1332 1577 1360 non
1608 1317 1693 1359 vic-

136 1380 291 1421 toriam
331 1380 493 1420 darent.
550 1379 654 1420 satis
693 1378 775 1419 fuit
812 1378 991 1432 eritque,
1030 1378 1141 1419 unde
1179 1378 1280 1418 belli
1323 1377 1448 1419 decus
1481 1377 1695 1432 pariatur3

135 1439 235 1480 hinc
267 1453 351 1492 pax
383 1438 565 1492 petenda
600 1440 674 1478 est.
716 1437 828 1491 quod
854 1437 954 1478 deos
981 1436 1245 1477 immortales
1271 1437 1384 1477 inter
1409 1435 1694 1489 nuncupanda

138 1500 236 1538 vota
269 1497 510 1551 expoposci,
542 1496 631 1537 eius
664 1511 731 1537 me
763 1498 1005 1549 compotem
1038 1495 1127 1536 voti
1160 1509 1233 1536 vos
1265 1495 1404 1536 facere
1429 1494 1624 1548 potestis,
1657 1493 1692 1535 S:

136 1557 382 1597 meminisse
414 1556 542 1597 vultis
575 1570 661 1595 non
701 1569 778 1595 vos
816 1555 860 1595 in
899 1553 1073 1596 Samnio
1112 1568 1188 1594 nec
1226 1554 1269 1594 in
1301 1553 1489 1606 Volscis,
1534 1553 1607 1594 sed
1646 1552 1692 1593 in

137 1615 332 1656 Romano
366 1615 457 1655 solo
491 1616 630 1655 castra
662 1614 839 1665 habere,
879 1614 913 1654 si
945 1614 1041 1653 illos
1075 1613 1224 1663 colles,
1257 1626 1363 1666 quos
1396 1612 1586 1665 cernitis,
1618 1625 1692 1664 pa.-

134 1674 242 1715 triae
275 1676 441 1715 vestrae
475 1687 577 1728 esse,
610 1673 645 1713 si
677 1673 790 1713 hunc
822 1672 1053 1713 exercitum
1087 1672 1243 1712 civium
1275 1672 1527 1724 vestrorum,
1560 1670 1596 1711 si
1627 1683 1694 1710 me

136 1778 312 1812 miraculo
334 1777 385 1811 rei
403 1787 535 1818 novae;
558 1778 685 1820 2,10,5
700 1787 734 1810 u.
751 1778 878 1819 5,46,3

137 1826 313 1860 miraculo
340 1825 529 1858 audaciae.

187 1875 240 1906 16.
292 1871 469 1916 lapidem]
521 1871 594 1905 Der
644 1867 879 1903 Meilenstein

137 1919 261 1953 wurde
293 1918 439 1952 frcilich
474 1919 549 1951 erst
582 1916 735 1960 dreissig
768 1915 878 1950 Jahre

137 1969 262 2009 spater
282 1967 432 2009 geffetzt,
458 1964 558 1998 beim
578 1964 655 1998 Bau
676 1963 740 1997 der
760 1963 878 2008 Appi-

137 2013 249 2047 schcn
276 2012 428 2046 Straste.

187 2063 240 2093 17.
268 2059 410 2104 contra]
439 2059 599 2099 Adverb,
621 2074 665 2085 =
685 2057 840 2091 obviam.

183 2105 450 2151 L.Acmile'um]
467 2104 605 2139 Konsul
622 2105 684 2138 des
698 2104 878 2138 nachsten

136 2153 278 2194 Jahres,
307 2152 407 2186 Sohn
435 2153 497 2187 des
527 2150 683 2186 Konsuls
711 2162 783 2185 von
809 2154 876 2184 366

139 2199 244 2243 (Kap.
268 2204 298 2240 1,
320 2202 366 2242 2).

184 2245 249 2281 40.
283 2249 315 2280 2.
349 2246 412 2290 ad]
443 2244 502 2279 ‘in
516 2245 638 2288 Bezug
659 2244 755 2279 auF'.
793 2244 876 2288 Vgl.

138 2297 277 2336 9‚16‚14
303 2293 463 2336 corporis
481 2292 610 2327 invicti
629 2293 677 2326 ad
698 2292 852 2326 laborem
861 2304 872 2332 ,-

138 2344 193 2383 21,
216 2343 271 2382 25,
294 2343 313 2374 6
345 2350 430 2383 μακε
465 2340 513 2373 ad
547 2339 878 2382 oppuynandarum

137 2388 283 2422 urbium
308 2390 404 2420 artes
427 2387 550 2427 rudis,
577 2389 632 2427 38,
654 2389 707 2427 13,
725 2388 765 2418 11
787 2386 878 2426 fero-

139 2445 192 2470 ces
219 2435 266 2468 ad
293 2433 499 2468 bellandum
526 2433 631 2466 viros.

189 2480 282 2526 suis]
308 2480 471 2524 bezogen
491 2478 556 2513 auf
580 2478 638 2513 die
659 2477 722 2513 bei
735 2479 880 2513 secessio

143 2540 186 2562 zu
212 2528 429 2562 denkenden
458 2527 651 2560 Personen.

190 2578 222 2609 3.
276 2573 491 2619 Quinctius]
545 2573 621 2607 scil:
673 2582 881 2617 congressus

143 2632 311 2666 quaerere
337 2632 379 2656 ac
406 2620 590 2663 colloquia.
620 2639 663 2645 —
691 2619 881 2653 Nachdem

143 2668 195 2702 im
206 2666 544 2711 Vorhergehenden
557 2666 616 2701 die
627 2665 880 2710 Nachgiebig-

143 2715 221 2749 keit
253 2715 318 2748 der
344 2715 483 2748 Fiihrer
517 2713 591 2747 und
618 2712 795 2747 Soldaten
827 2723 881 2746 er-

143 2763 269 2795 w‘ahnt
295 2761 429 2803 wurde,
460 2760 604 2794 werden
631 2772 706 2794 nun
732 2758 881 2804 speziell

140 2808 200 2842 die
218 2808 356 2842 Motive
374 2808 438 2842 der
452 2806 638 2841 Anffihrer
653 2806 878 2850 angegeben.

188 2855 334 2900 nedum]
345 2856 439 2889 nach
455 2854 574 2889 einem
590 2853 776 2899 positiven
785 2852 880 2895 Satz,

955 1775 1031 1809 ‘um
1059 1786 1098 1809 so
1125 1774 1244 1808 mehr’
1272 1774 1320 1817 (9,
1339 1778 1393 1817 18,
1413 1777 1450 1816 43
1477 1778 1535 1815 24,
1550 1777 1605 1816 40,
1629 1775 1694 1816 133

952 1825 1008 1865 45,
1029 1826 1084 1865 29,
1107 1825 1144 1863 23
1171 1820 1371 1855 mehrmals
1399 1820 1459 1855 bei
1483 1820 1660 1864 Tacitus).

1002 1868 1195 1913 Corvinus]
1223 1868 1307 1911 Vgl.
1328 1867 1419 1912 Kap.
1442 1871 1498 1911 32,
1522 1871 1574 1903 15.

999 1919 1030 1950 4.
1057 1919 1190 1950 vestros
1204 1915 1369 1960 publicos
1388 1915 1562 1960 meosque]
1585 1923 1693 1948 euere

951 1963 1025 1996 und
1053 1963 1172 1997 meine
1207 1962 1471 2006 Staatsgotter,
1509 1962 1543 1996 d.
1569 1960 1603 1996 h.
1632 1959 1692 1994 die

953 2009 1212 2053 Staatsgette13
1239 2008 1379 2044 welche
1405 2009 1498 2043 euch
1523 2007 1599 2043 und
1619 2006 1692 2042 mir

951 2056 1180 2101 gemeinsam
1209 2055 1301 2090 sind.

997 2103 1156 2147 veniam]
1184 2103 1242 2137 die
1270 2102 1408 2143 Gnade,
1436 2101 1546 2136 Huld.

999 2153 1029 2185 5.
1056 2151 1152 2184 unde
1167 2177 1173 2184 .
1188 2177 1194 2183 .
1209 2177 1216 2183 .
1230 2148 1419 2194 pariatur]
1449 2145 1693 2193 Gelegenheit

953 2225 959 2232 .
977 2225 983 2231 .
1000 2225 1007 2231 .
1029 2209 1073 2230 zu
1099 2196 1298 2230 erwerben.

997 2243 1098 2289 hinc]
1128 2243 1251 2286 ‘him-⁹,
1278 2241 1391 2277 n’atml.
1418 2253 1461 2277 ex
1486 2241 1634 2276 civibus.

998 2291 1108 2335 inter]
1144 2290 1203 2324 bei
1234 2289 1381 2324 keinem
1414 2288 1554 2323 andern
1584 2288 1692 2322 Klas-

951 2337 1050 2372 siker
1075 2337 1144 2371 mit
1176 2337 1296 2370 einem
1330 2334 1581 2370 Gerundivum
1613 2345 1691 2369 ver-

952 2384 1113 2426 bunden,
1141 2382 1201 2418 bei
1215 2382 1339 2418 Livius
1355 2381 1533 2417 zuweilen
1550 2384 1596 2425 (6,
1608 2384 1661 2424 11,
1673 2384 1692 2415 5

953 2432 1028 2465 und
1065 2435 1126 2474 39,
1155 2434 1215 2472 103
1242 2434 1280 2474 9,
1309 2433 1370 2474 11,
1397 2433 1434 2472 63
1476 2432 1538 2472 34,
1565 2431 1626 2472 25,
1654 2431 1692 2470 ὃς

953 2482 1017 2521 4ο,
1044 2481 1105 2520 42,
1135 2481 1180 2520 1).

1001 2524 1207 2569 expoposci]
1235 2522 1301 2557 Bei
1321 2532 1468 2568 exposco
1482 2521 1598 2556 findet
1613 2520 1692 2555 sich

955 2572 1019 2606 der
1033 2570 1209 2615 doppelte
1219 2568 1427 2604 Akkusativ
1441 2581 1509 2603 nui·
1518 2578 1564 2602 an
1574 2566 1694 2602 dieser

956 2618 1082 2661 Stelle,
1102 2617 1162 2651 bei
1179 2627 1286 2661 posco
1305 2629 1340 2652 u.
1360 2626 1504 2660 reposco
1524 2615 1692 2659 dagegen

955 2664 994 2699 in
1020 2664 1118 2699 allen
1145 2664 1356 2698 Zeitaltern.

1001 2716 1033 2747 6.
1064 2711 1152 2756 non]
1189 2711 1258 2745 mit
1288 2707 1511 2744 Nachdruck
1542 2718 1608 2742 vor
1631 2717 1693 2743 vos

953 2758 1114 2802 gestellt.

1000 2803 1257 2849 si...si...si]
1283 2802 1338 2836 Im
1363 2800 1575 2836 Deutschen
1601 2799 1693 2834 wird

953 2851 1078 2886 besser
1105 2850 1214 2885 ‘dass’
1243 2847 1471 2884 wiederholt.
