1794 3084
75 90 104 107 a.
128 82 180 108 ch.
199 90 228 108 n.
249 83 310 108 3-13.
627 70 771 106 LIBER
796 71 874 106 VII.
926 69 1028 106 CAP.
1056 74 1111 106 35.
1591 72 1643 113 77

77 181 270 224 consilio.
320 195 443 233 nunc,
476 195 584 235 quae
617 183 759 221 mente
793 180 971 234 agitem,
1013 180 1170 222 audite.
1220 194 1307 222 non
1338 179 1444 236 fuga
1477 180 1643 223 delatos
1671 193 1690 224 3

79 255 158 282 nec
190 240 345 282 inertia
376 240 548 281 relictos
581 239 651 280 hic
684 254 760 281 vos
787 240 1068 281 circumvenit
1093 239 1251 293 hostis;
1285 240 1442 281 virtute
1469 240 1645 296 cepistis

79 300 235 352 locum,
266 300 425 342 virtute
456 299 556 340 hinc
589 301 759 352 oportet
791 298 996 340 evadatis.
1055 299 1264 340 veniendo
1296 299 1379 340 huc
1412 301 1645 342 exercitum
1672 312 1692 342 4

79 360 303 415 egregium
347 359 506 413 populo
546 357 739 399 Romano
779 358 1001 412 servastis3
1047 358 1307 412 erumpendo
1339 358 1440 401 hinc
1478 363 1646 402 vosmet

79 419 198 472 ipsos
231 421 409 460 servate.
467 416 584 472 digni
618 417 756 472 eritis,
798 417 870 472 qui
904 418 1026 471 pauci
1059 418 1253 472 pluribus
1289 433 1412 473 opem
1446 419 1644 472 tuleritis,

77 481 126 520 ut
160 478 245 533 ipsi
281 478 442 519 nullius
488 476 645 518 auxilio
684 476 900 531 egueritis.
952 491 1048 517 cum
1082 492 1130 519 eo
1176 477 1303 519 hoste
1343 493 1410 519 res
1449 481 1530 534 est,
1572 479 1644 533 qui
1671 491 1690 521 5

79 537 281 579 hesterno
321 537 388 578 die
429 535 598 577 delendi
637 536 776 577 omnis
822 536 1032 577 exercitus
1070 535 1245 578 fortuna
1286 551 1362 590 per
1404 538 1644 580 socordiam

80 612 181 639 usus
213 611 300 638 non
332 596 401 650 sit,
431 596 545 637 hunc
572 598 662 637 tam
690 597 980 650 opportunum
1008 596 1159 636 collem
1186 596 1485 638 imminentem
1513 597 1643 652 capiti

80 671 156 698 suo
189 671 275 697 non
309 659 408 698 ante
440 655 597 696 viderit
629 669 758 709 quam
791 658 964 709 captum
997 669 1021 696 a
1053 655 1200 709 nobis,
1241 670 1320 697 nos
1361 659 1449 697 tam
1482 671 1642 711 paucos
1670 670 1690 701 6

75 719 145 757 tot
175 715 267 770 ipse
300 715 473 756 milibus
505 714 730 756 hominum
769 728 847 755 nec
887 728 1067 755 ascensu
1106 715 1292 756 arcuerit
1331 729 1409 756 nec
1446 719 1642 758 tenentes

76 775 233 828 locum,
266 789 362 817 cum
389 774 472 816 diei
503 776 671 815 tantum
699 777 952 828 superesset,
985 773 1099 815 vallo
1126 774 1466 816 circumdederit.
1517 790 1642 829 quem

78 834 293 876 videntem
326 848 374 875 ac
406 833 661 889 vigilantem
692 833 752 874 sic
781 833 1009 888 eluseritis,
1042 833 1229 888 sopitum
1263 837 1434 888 oportet
1466 834 1642 891 fallatis,

75 894 209 935 immo
242 908 415 935 necesse
449 895 525 934 est.
576 893 620 934 in
652 907 700 934 eo
733 892 848 933 enim
874 892 968 934 loco
996 907 1063 934 res
1090 896 1192 934 sunt
1224 897 1410 947 nostrae,
1443 897 1491 935 ut
1520 895 1642 936 vobis
1672 908 1689 938 τ

77 967 158 1009 ego
191 953 329 1008 magis
361 952 633 994 necessitatis
666 955 833 993 vestrae
866 951 993 992 index
1020 966 1147 1006 quam
1175 952 1344 994 consilii
1375 956 1523 995 auctor
1550 955 1643 996 sim.

78 1027 216 1067 neque
249 1014 377 1067 enim,
409 1012 620 1054 maneatis
654 1026 709 1052 an
742 1011 906 1053 abeatis
942 1010 1058 1065 hinc,
1091 1011 1322 1053 deliberari
1354 1016 1516 1068 potest,
1549 1028 1643 1056 cum
1671 1026 1692 1057 8

76 1074 248 1126 praeter
281 1087 401 1113 arma
427 1075 469 1112 et
496 1072 662 1112 animos
690 1085 908 1112 armorum
935 1085 1145 1112 memores
1178 1071 1287 1113 nihil
1318 1073 1441 1114 vobis
1470 1072 1644 1115 fortuna

78 1132 233 1187 reliqui
270 1131 421 1173 fecerit
461 1130 658 1185 fameque
693 1133 734 1171 et
767 1130 840 1171 siti
872 1130 1139 1172 moriendum
1174 1131 1248 1184 sit,
1290 1132 1326 1173 si
1357 1132 1474 1186 plus,
1517 1147 1644 1188 quam

76 1191 192 1232 viros
228 1205 276 1232 ac
304 1190 522 1232 Romanos
551 1190 683 1241 decet,
715 1189 876 1230 ferrum
902 1190 1144 1231 timeamus.
1195 1204 1297 1246 ergo
1324 1206 1410 1232 una
1436 1194 1502 1233 est
1529 1193 1644 1234 salus
1671 1205 1691 1235 9

78 1264 301 1305 erumpere
333 1250 432 1291 hinc
466 1253 593 1304 atque
622 1248 756 1303 abire3
789 1248 832 1289 id
866 1251 940 1290 aut
965 1249 1152 1291 interdiu
1179 1253 1253 1291 aut
1278 1253 1403 1292 nocte
1436 1250 1644 1294 faciamus

74 1313 260 1363 oportet.
310 1323 405 1351 ecce
439 1312 582 1350 autem
616 1308 732 1350 aliud
772 1309 913 1350 minus
952 1308 1145 1362 dubium3
1187 1309 1363 1364 quippe,
1396 1311 1431 1352 si
1471 1311 1545 1352 lux
1577 1325 1646 1353 ex·
1674 1324 1716 1355 10

76 1372 311 1423 spectetur,
356 1383 464 1423 quae
510 1383 607 1422 spes
659 1372 725 1409 est
768 1382 855 1409 non
899 1368 1014 1409 vallo
1058 1375 1266 1422 perpetuo
1317 1369 1519 1425 fossaque
1564 1385 1644 1413 nos

75 1430 323 1483 saepturum
354 1428 537 1481 hostem,
572 1427 646 1482 qui
676 1441 789 1469 nunc
821 1427 1074 1482 corporibus
1103 1427 1189 1469 suis
1218 1428 1422 1471 subiectis
1455 1430 1643 1485 undique

72 1488 269 1541 cinxerit,
289 1490 337 1529 ut
356 1487 526 1541 videtis,
547 1487 730 1528 collem?
764 1487 883 1541 atqui
899 1487 934 1528 si
957 1501 1042 1529 nox
1064 1490 1310 1542 opportuna
1330 1491 1397 1530 est
1417 1490 1643 1544 eruptioni,

77 1548 187 1589 sicut
218 1551 303 1600 est,
339 1547 447 1589 haec
480 1546 673 1601 profecto
713 1547 854 1588 noctis
897 1546 1122 1601 aptissima
1156 1546 1264 1588 hora
1296 1550 1372 1589 est.
1424 1548 1547 1603 signo
1581 1563 1645 1590 se·
1674 1562 1715 1593 11

74 1607 237 1648 cundae
263 1606 439 1662 vigiliae
467 1606 743 1659 convenistis,
771 1605 883 1660 quod
911 1610 1080 1660 tempus
1112 1607 1319 1647 mortales
1350 1622 1500 1649 somno
1528 1608 1645 1649 altis-

75 1666 184 1708 simo
218 1667 386 1721 premit.
438 1680 513 1720 per
545 1680 726 1720 corpora
758 1664 899 1719 sopita
931 1665 1096 1706 vadetis
1129 1665 1197 1706 vel
1242 1666 1412 1708 silentio
1445 1666 1643 1710 incautos

121 1771 174 1817 eo]
207 1770 444 1814 Attraktion,
484 1772 578 1805 statt
615 1770 692 1805 eius
726 1769 822 1815 (scil.

70 1820 218 1864 partis).

121 1866 294 1911 stabitur]
321 1866 406 1910 Vgl.
434 1865 528 1910 Kap.
552 1868 582 1908 6,
606 1869 637 1899 6.

122 1917 154 1948 3.
181 1925 254 1948 non
273 1914 364 1957 fuya
440 1912 592 1958 servate]
613 1912 680 1946 Die
702 1911 822 1946 Kfirze

73 1961 150 1995 und
186 1960 456 1996 Koordination
492 1960 557 1994 der
593 1959 717 2003 S'atze,
757 1959 822 1994 das

73 2007 290 2052 Asyndeton
323 2008 397 2042 und
430 2007 489 2042 die
517 2006 719 2052 Anaphora
744 2018 822 2041 ver-

73 2055 198 2091 leihen
225 2055 290 2090 der
316 2055 416 2089 Rede
444 2054 693 2097 Einfachheit,
714 2054 821 2089 Klar-

73 2103 153 2138 heit
179 2103 254 2137 und
282 2102 450 2147 Euergie.

121 2156 153 2186 4.
180 2151 352 2195 tuleritis]
381 2149 625 2195 Konjunktiv,
652 2148 737 2184 weil
757 2149 823 2183 der

72 2197 304 2233 Relativsatz
331 2197 405 2233 den
432 2196 558 2232 Grund
586 2196 750 2242 angiebt.

119 2245 176 2291 ut]
221 2245 282 2280 bei
321 2245 500 2280 Dichtern
537 2245 613 2279 und
652 2246 824 2289 spateren

73 2293 301 2328 Prosaikern
340 2293 518 2328 zuweilen
556 2292 651 2327 nach
690 2292 824 2337 diynus

75 2340 150 2375 und
182 2341 359 2385 incliynus
397 2342 490 2375 statt
523 2340 622 2374 eines
654 2338 821 2374 Relativ-

73 2389 206 2432 satzes,
233 2388 294 2423 bei
314 2388 441 2423 Livius
461 2386 692 2423 namentlich
714 2387 822 2430 dann,

72 2446 179 2469 wenn
199 2434 260 2470 ein
281 2435 510 2470 Relativsatz
537 2433 735 2469 stilistisch
757 2447 822 2468 un-

73 2482 185 2517 schon
207 2482 297 2518 oder
321 2482 538 2528 unmoglich
557 2482 607 2516 ist
626 2485 673 2524 (6,
687 2485 743 2523 42,
759 2485 820 2525 123

73 2533 129 2573 22,
146 2534 201 2573 59,
223 2533 284 2572 173
311 2534 368 2573 23,
388 2534 444 2573 42,
469 2535 528 2573 13;
549 2533 606 2573 24,
629 2534 683 2573 16,
706 2530 773 2573 19).

122 2580 153 2611 5.
181 2589 287 2622 quam
308 2578 471 2624 captum]
495 2595 538 2606 =
566 2588 673 2622 quam
692 2580 823 2621 captus

77 2629 128 2660 est
154 2626 243 2660 oder
268 2629 363 2660 esset.

122 2675 154 2708 6.
174 2672 265 2718 ipse]
289 2674 488 2717 zugesetzt,
510 2683 571 2706 um
587 2671 655 2706 den
677 2670 816 2717 Gegen-

75 2724 151 2753 satz
177 2731 221 2753 zu
246 2730 311 2755 'nos
336 2719 648 2756 hervorzuheben.

122 2767 281 2813 tantum]
302 2768 398 2802 noch
420 2767 478 2802 ein
501 2778 540 2802 so
562 2765 706 2811 grosser
726 2765 819 2801 Teil.

121 2814 314 2860 eluseritis]
331 2814 560 2860 Konjunktiv
575 2813 626 2848 im
643 2814 820 2849 kausalon

74 2859 314 2897 Relativsatz.

947 1773 978 1804 8.
1011 1781 1116 1804 arma
1145 1774 1177 1806 et
1209 1771 1370 1817 animos]
1439 1770 1521 1817 Vgl.
1549 1772 1642 1817 Kap.

943 1864 1092 1910 reliqui]
1118 1865 1192 1900 Das
1220 1865 1463 1911 Adjektivum
1489 1866 1554 1911 ist,
1581 1867 1642 1902 ob-

897 1911 1021 1957 gleich
1054 1923 1092 1946 es
1118 1913 1352 1957 pradikative
1385 1913 1645 1960 Bestimmung

896 1971 939 1993 zu
964 1960 1088 2002 feccrit
1108 1959 1165 2004 ist,
1193 1961 1309 1995 durch
1332 1961 1553 1997 Attraktion
1571 1974 1644 1998 von

895 2007 990 2041 nihil
1016 2007 1053 2042 in
1081 2007 1151 2042 den
1172 2009 1376 2053 partitiven
1397 2008 1555 2044 Genetiv
1580 2022 1643 2055 ge-

894 2055 1027 2090 tre‘tcn.
1088 2055 1154 2090 Die
1194 2055 1333 2091 Phr-ase
1377 2058 1472 2092 nihil
1513 2058 1644 2103 reliqui

894 2102 1012 2144 facere
1037 2102 1153 2138 findet
1188 2104 1266 2138 sich
1299 2104 1392 2139 auch
1429 2104 1488 2139 bei
1517 2104 1642 2141 Cicero

897 2149 948 2192 (in
976 2149 1077 2185 Verr.
1101 2154 1132 2194 3,
1156 2152 1238 2195 121)
1272 2152 1348 2186 und
1382 2152 1523 2187 Sallust
1549 2151 1642 2197 (Cat.

898 2200 958 2240 11,
983 2201 1001 2231 7
1038 2198 1111 2232 und
1146 2201 1207 2240 28,
1229 2200 1275 2243 4).
1341 2199 1423 2244 Vgl.
1465 2199 1539 2237 Cic.
1576 2211 1643 2245 pro

898 2244 1002 2279 Sulla
1028 2249 1072 2280 89
1118 2248 1214 2290 quod
1256 2247 1409 2290 fortuna
1453 2249 1495 2282 in
1539 2249 1644 2284 malis

897 2292 1030 2337 reliqui
1053 2293 1149 2336 fecit.

947 2343 1001 2374 10.
1034 2340 1125 2387 ecce]
1159 2340 1245 2375 Dies
1277 2341 1383 2376 ffihrt
1415 2342 1484 2377 den
1524 2354 1643 2378 neuen

896 2387 1021 2421 Punkt
1029 2387 1094 2422 der
1103 2388 1451 2434 Schlussfolgerung
1462 2390 1516 2425 als
1527 2393 1642 2425 etwas

896 2425 1221 2471 Uberraschendes
1236 2437 1312 2471 ein:
1328 2437 1386 2471 Da
1400 2437 1483 2472 seht
1496 2437 1555 2472 ihr
1566 2449 1642 2472 nun

897 2482 986 2517 aber
1024 2484 1139 2518 etwas
1173 2484 1344 2527 anderes,
1379 2484 1438 2519 ein
1475 2484 1642 2528 Zweites,

895 2529 1055 2565 welches
1092 2530 1189 2565 noch
1222 2531 1385 2575 weniger
1417 2531 1643 2567 zweifelhaft

894 2576 945 2611 ist
963 2576 1033 2622 (als
1053 2577 1113 2612 die
1135 2577 1396 2624 Behauptung,
1418 2579 1499 2613 dass
1520 2591 1557 2614 es
1572 2591 1642 2614 nur

895 2625 993 2659 eine
1021 2625 1188 2670 Rcttnng
1213 2627 1332 2670 gebe).

941 2672 1123 2718 subiectis]
1146 2675 1260 2708 unten
1274 2673 1509 2719 hingestellt,
1528 2675 1641 2708 unten

894 2719 1097 2763 hingelegt.

945 2770 997 2801 11.
1025 2767 1210 2813 mortales]
1238 2767 1322 2811 Vgl.
1350 2767 1442 2812 Kap.
1467 2772 1519 2810 19,
1541 2773 1573 2803 2.

941 2814 1077 2859 sopita]
1119 2814 1414 2860 eingeschlafen‚
1449 2814 1640 2852 schlafend

896 2863 943 2907 (8,
966 2864 1021 2904 16,
1047 2865 1107 2906 105
1135 2865 1191 2906 25,
1213 2866 1244 2906 9,
1269 2865 1336 2908 11).
