1794 3084
91 1496 130 1525 10

153 83 210 124 54
696 82 841 117 LIBER
868 82 926 118 VI.
978 81 1078 118 CAP.
1106 87 1162 120 24.
1528 93 1711 120 a.u.c.373.

155 194 196 233 et
222 191 378 245 raptim
409 191 612 232 subsidiis
641 190 862 245 oppositiS,
895 189 1030 232 ‘Haec
1057 189 1136 232 est'
1163 190 1316 246 inquit,
1341 189 1528 245 emilites,
1553 204 1712 246 pugna,

153 264 279 304 quam
319 249 607 303 poposcistis?
653 249 745 304 quis
784 248 925 302 homo,
971 249 1066 303 quis
1106 249 1207 291 deus
1241 252 1316 303 est,
1355 263 1480 304 quem
1513 263 1712 291 accusare

156 309 363 363 possitis?
397 312 539 349 vestra
570 308 647 349 illa
678 308 913 362 temeritas,
943 310 1088 349 vestra
1119 308 1295 362 ignavia
1320 308 1425 350 haec
1451 310 1527 351 est.
1576 307 1710 350 secuti

157 368 288 409 alium
327 368 475 408 ducem
517 367 743 421 sequimini
782 381 895 408 nunc
936 365 1183 420 Camillum,
1217 369 1271 421 et,
1311 367 1423 421 quod
1455 366 1585 408 ductu
1616 380 1711 408 meo

154 427 311 479 soletis,
357 426 525 468 vincite.
589 426 690 480 quid
734 425 897 467 vallum
942 427 984 466 et
1027 427 1168 466 castra
1213 425 1447 479 spectatis}>
1497 425 1712 467 neminem

153 489 340 526 vestrum
373 485 448 525 illa
479 485 562 525 nisi
589 485 793 526 victorem
820 486 1042 538 receptura
1075 483 1200 526 sunt’.
1244 484 1382 538 pudor
1407 483 1546 538 primo
1573 483 1713 526 tenuit

155 543 330 597 effusos,
363 543 460 584 inde
492 546 539 584 ut
571 544 800 598 circumagi
835 543 959 598 signa.
991 543 1242 597 obvertique
1277 543 1410 584 aciem
1437 542 1637 584 viderunt
1667 542 1711 584 in

154 601 322 644 hostem
349 605 391 643 et
417 602 514 656 duX,
540 605 836 656 praeterquam
864 601 975 655 quod
1002 603 1068 643 tot
1093 602 1275 657 insignis
1302 600 1552 656 triumphis,
1578 601 1710 643 etiam

155 663 295 702 aetate
328 661 600 715 venerabilis,
633 662 746 702 inter
776 661 916 715 prima
942 661 1077 715 signa,
1108 660 1182 702 ubi
1208 660 1419 715 plurimus
1452 660 1574 701 labor
1599 659 1709 714 peri-

155 720 379 774 culumque
418 722 526 773 erat,
566 735 610 762 se
650 720 875 770 offerebat,
913 719 1134 773 increpare
1179 719 1340 774 singuli
1378 733 1422 760 se
1461 718 1640 774 quisque
1673 721 1715 760 et

155 779 272 832 alios,
315 781 357 819 et
400 779 644 821 adhortatio
686 779 730 820 in
770 779 906 820 vicem
950 781 1089 820 totam
1132 778 1262 819 alacri
1303 778 1488 820 clamore
1525 777 1715 832 pervasit

156 852 300 878 amem.

272 895 419 951 Neque
465 897 572 937 alter
616 896 814 937 tribunus
860 895 922 937 rei
964 895 1109 948 defuit,
1155 895 1226 936 sed
1271 895 1429 936 missus
1474 909 1499 936 a
1542 894 1712 949 collega

156 955 408 996 restituente
434 955 624 1009 peditum
651 955 785 996 aciem
812 954 865 996 ad
898 955 1075 1008 equites,
1102 968 1188 995 non
1215 953 1479 1008 castigando,
1505 953 1558 995 ad
1584 967 1713 1008 quam

156 1028 245 1054 rem
284 1014 486 1055 leviorem
526 1017 742 1055 auctorem
783 1028 878 1054 eum
919 1013 1068 1068 culpae
1108 1013 1290 1054 societas
1327 1011 1506 1066 fecerat,
1545 1011 1619 1053 sed
1661 1013 1714 1054 ab

156 1073 335 1126 imperio
374 1075 492 1114 totus
532 1073 583 1114 ad
622 1087 768 1127 preces
808 1087 957 1114 versus
1000 1085 1121 1113 orare
1166 1071 1358 1126 singulos
1397 1071 1716 1125 universosque,

158 1134 206 1172 ut
245 1146 288 1173 se
327 1147 447 1173 reum
489 1131 685 1173 fortunae
719 1131 808 1172 eius
841 1132 923 1172 diei
956 1131 1130 1172 crimine
1170 1131 1420 1172 eximerent:
1472 1129 1716 1171 eAbnuente

159 1203 208 1231 ac
250 1190 504 1244 prohibente
550 1190 718 1246 collega
761 1189 995 1231 temeritati
1038 1204 1105 1230 me
1147 1189 1341 1230 omnium
1378 1188 1521 1242 potius
1555 1188 1716 1230 socium

159 1263 284 1302 quam
318 1249 443 1290 unius
477 1249 728 1303 prudentiae
761 1249 868 1290 dedi.
930 1247 1137 1290 Camillus
1170 1248 1213 1288 in
1247 1251 1426 1303 utraque
1458 1249 1601 1289 vestra
1631 1246 1716 1288 for-

156 1310 262 1349 tuna
309 1323 429 1349 suam
481 1309 664 1363 gloriam
711 1308 846 1361 videt3
891 1321 981 1362 ego,
1025 1307 1070 1347 ni
1114 1306 1355 1348 restituitur
1397 1319 1560 1361 pugna,
1603 1305 1716 1360 quod

157 1367 446 1408 miserrimum
497 1370 581 1421 est,
639 1367 857 1408 fortunam
907 1380 1002 1407 cum
1054 1365 1275 1418 omnibus,
1324 1365 1548 1406 infamiam
1599 1364 1716 1406 solus

161 1424 372 1468 sentiam'.

276 1483 496 1539 Optimum
541 1485 682 1525 visum
729 1486 795 1525 est
837 1484 882 1524 in
924 1483 1160 1525 fluctuante
1205 1482 1293 1524 acie
1342 1482 1455 1523 tradi
1499 1496 1630 1536 equos
1676 1483 1718 1523 et

157 1622 356 1668 gehoben’.
407 1622 516 1668 Verg.
544 1624 634 1657 Aen.
658 1627 710 1665 12,
732 1626 800 1657 288
827 1633 902 1658 ρον-

152 1681 247 1714 Ρονα
273 1671 370 1705 saltu
396 1670 589 1705 Subiciunt
615 1671 656 1704 iu
681 1680 795 1714 equos.
822 1669 901 1705 Liv.

974 1621 1233 1666 munterung⁷.

975 1673 1031 1711 41,
1053 1671 1085 1711 3,
1107 1672 1138 1703 3.

1293 1624 1333 1666 3,
1365 1624 1426 1664 τι,
1458 1624 1496 1663 2;
1536 1624 1574 1665 9,
1607 1625 1645 1664 3,
1679 1624 1718 1664 43

159 1721 214 1759 31,
247 1721 303 1760 37,
339 1722 381 1752 10
416 1717 530 1752 saluti
565 1718 639 1760 fuit
677 1727 796 1761 eques,
840 1717 904 1761 qui

158 1765 293 1807 raptim
341 1765 416 1809 ipse
466 1765 613 1799 desiluit
657 1764 903 1809 pavidumque

158 1822 270 1856 reqem
297 1812 336 1845 iu
363 1822 491 1856 equum
515 1812 676 1847 subiecit.

159 1910 181 1944 d
205 1865 395 1946 OppVositizs]
422 1864 533 1898 n'aml.
556 1863 627 1898 den
647 1863 901 1898 herannahen—

186 1922 230 1945 en
291 1922 311 1945 0
331 1923 346 1945 S
377 1923 450 1946 ern.

205 1964 400 2010 temeritas]
431 1981 474 1992 =
502 1967 520 2006 ἓ
541 1968 563 1998 4
587 1974 707 1999 reeens
731 1964 877 2007 ferocia.

209 2021 239 2051 6.
280 2017 488 2063 Camillum]
528 2017 597 2051 mit
634 2016 903 2051 rhetorischem

161 2063 287 2098 Affekt
312 2065 405 2098 statt
429 2075 490 2103 me,
519 2064 567 2098 da
592 2063 685 2099 eben
706 2064 770 2098 der
784 2063 903 2098 Name

162 2109 340 2145 Camillus
377 2111 436 2144 fiir
473 2109 533 2144 die
565 2110 701 2145 Romer
738 2110 813 2145 und
845 2110 903 2145 die

159 2157 298 2193 Fcinde
323 2157 635 2201 bedeutungsvoll
660 2157 720 2192 ist.

207 2211 381 2245 neminem
407 2210 492 2253 etc]
522 2210 604 2244 weil
625 2209 684 2244 die
705 2210 906 2254 siegenden

161 2257 299 2291 Feinde
325 2257 385 2292 die
416 2255 623 2291 fiiehenden
650 2256 786 2291 Remer
811 2258 905 2291 auch

162 2303 219 2339 ins
255 2303 376 2349 Lager
414 2303 605 2347 verfolgen
642 2304 717 2337 und
757 2303 807 2338 sie
842 2314 906 2338 aus

162 2350 377 2386 demselben
401 2350 577 2395 verjagen
605 2350 763 2385 werden.

210 2407 241 2439 7.
262 2404 461 2448 circumagi
474 2403 594 2447 siqua]
615 2402 712 2437 ‘dass
727 2402 786 2436 die
801 2401 905 2436 Feld-

164 2451 313 2486 zeichen
349 2451 439 2495 (und
477 2450 535 2484 die
575 2450 669 2484 dazu
703 2449 907 2494 gehorigen

162 2497 593 2542 Truppenabteilungen)
648 2495 909 2541 umgewendet

163 2545 342 2580 wurden’.
371 2548 425 2589 10,
447 2548 502 2587 36,
524 2548 556 2578 9.

211 2598 360 2640 obverti]
389 2597 472 2642 Vgl.
498 2597 590 2641 Kap.
619 2600 650 2640 7,
678 2599 709 2630 3.

207 2655 461 2695 praeterquam
504 2648 611 2694 quod]
657 2649 776 2683 selten
814 2647 908 2683 ohne

166 2698 327 2732 Verbum
366 2696 510 2731 finitum
549 2699 621 2741 (29,
651 2700 705 2738 18,
734 2696 802 2739 13),
839 2694 909 2729 wie

167 2744 221 2779 oft
240 2747 505 2789 praeterquam.

213 2797 254 2831 in
278 2797 404 2842 vicem]
426 2813 470 2825 =
489 2797 585 2831 inter
607 2796 716 2840 ipsos,
741 2794 911 2829 Attribut

167 2854 210 2877 zu
253 2844 476 2887 adhortatio,
528 2841 801 2887 ‘gegenseitige
845 2841 910 2875 Er-

1023 1719 1054 1750 8.
1081 1726 1155 1750 uon
1169 1714 1397 1760 eastiqanclo]
1415 1714 1510 1749 ohne
1524 1726 1566 1748 zu
1579 1714 1731 1758 tadeln,

977 1763 1072 1797 ohne
1117 1762 1195 1796 sich
1239 1761 1305 1796 auf
1345 1760 1717 1805 Zurechtweisungen

976 1808 1217 1853 einzulassen,
1243 1807 1313 1843 wie
1340 1807 1517 1843 Camillus
1541 1811 1607 1850 55.
1633 1807 1720 1843 We—

975 1866 1047 1900 gen
1074 1856 1137 1891 des
1164 1856 1411 1900 Gegensatzes
1442 1856 1503 1890 sed
1524 1864 1720 1890 ...versus

977 1905 1149 1938 erwartet
1172 1913 1260 1937 man
1286 1903 1388 1937 eher:
1420 1912 1494 1937 non
1525 1902 1719 1946 castiyaus.

1024 1951 1072 1985 ad
1091 1961 1199 1994 quam
1217 1949 1306 1995 rem]
1327 1950 1380 1984 Im
1398 1949 1609 1984 Deutschen
1627 1948 1720 1983 wird

977 1997 1096 2031 dieser
1106 1996 1335 2031 Relativsatz
1346 1997 1472 2031 besser
1483 1995 1598 2030 durch
1610 1995 1719 2030 einen

977 2044 1062 2078 Satz
1092 2042 1162 2078 mit
1189 2043 1314 2079 ‘denn’
1345 2043 1433 2078 oder
1461 2042 1538 2077 ‘da’
1568 2041 1720 2078 wieder-

976 2091 1155 2136 gegeben.
1751 2087 1753 2091 ¹

1025 2141 1205 2172 auctorem
1218 2137 1313 2182 eum]
1324 2153 1367 2165 =
1377 2137 1626 2172 auctoritatem
1633 2136 1719 2172 eius.

1025 2183 1140 2229 reum]
1160 2183 1320 2219 welcher
1339 2183 1640 2219 verantwortlich
1667 2182 1721 2218 sei

978 2231 1047 2274 fiir,
1076 2230 1205 2265 schuld
1233 2229 1287 2265 sei
1313 2241 1370 2265 an.

1027 2283 1057 2312 9.
1079 2278 1256 2313 abnuente
1275 2288 1318 2312 ac
1332 2277 1560 2322 prohibente]
1581 2277 1721 2312 Phrase

978 2325 1048 2359 mit
1075 2323 1320 2370 ‘VVeigerung
1337 2324 1413 2358 und
1426 2323 1720 2368 Widerspruch’.

1026 2373 1068 2406 iu
1091 2375 1244 2416 utraque
1267 2372 1419 2414 fortuna
1443 2370 1576 2416 vestra]
1607 2369 1721 2405 naml.

980 2419 1044 2453 der
1067 2419 1221 2461 fortuna
1244 2419 1402 2453 secunda
1425 2430 1459 2452 u.
1481 2417 1546 2452 der
1569 2417 1722 2461 fortuna

980 2466 1144 2509 adversa,
1159 2466 1256 2499 also:
1276 2466 1405 2510 moget
1422 2464 1480 2499 ihr
1499 2463 1619 2499 dieses
1633 2463 1722 2499 oder

974 2512 1081 2557 jenes
1109 2512 1301 2547 Schicksal
1325 2512 1459 2554 haben,
1485 2510 1590 2546 oder:
1626 2509 1721 2546 auch

979 2560 1019 2594 in
1045 2569 1191 2594 euerem
1215 2558 1490 2603 Missgeschick.

1030 2609 1084 2641 10.
1122 2606 1239 2640 visum
1275 2605 1340 2650 est]
1376 2604 1460 2639 dem
1498 2604 1538 2638 L.
1571 2603 1720 2646 Furius3

982 2652 1101 2687 dieser
1125 2649 1228 2686 kauri
1252 2651 1351 2686 wohl
1376 2650 1534 2695 Subjekt
1558 2649 1636 2686 sein
1660 2649 1722 2685 bei
1778 2675 1779 2678 η

981 2699 1170 2742 invadere;
1224 2699 1393 2743 dagegen
1442 2701 1538 2733 ware
1581 2697 1723 2733 tradere

982 2757 1087 2791 equos
1111 2745 1332 2789 unpassend.

1028 2794 1227 2837 fluctuante
1251 2792 1343 2837 acie]
1378 2791 1461 2836 Vgl.
1487 2791 1579 2835 Kap.
1607 2794 1663 2833 13,
1689 2793 1722 2824 3.
1775 2787 1794 2841 ᾗ

1029 2839 1144 2885 tradi]
1173 2837 1430 2884 ‘abzugeben',
1455 2836 1620 2873 namlich
1650 2835 1729 2886 den¹
1771 2848 1773 2851 ·
