1794 3084
97 1260 154 1302 35

164 88 219 131 76
692 88 836 123 LIBER
854 87 932 123 Vn.
977 86 1075 123 CAP.
1103 91 1158 123 34.
1186 91 1241 123 35.

1508 104 1534 122 a.
1554 104 1584 123 u.
1605 104 1629 123 c.
1649 98 1719 124 411.

161 200 211 239 ut
243 212 268 239 a
299 198 471 239 consule
511 197 685 238 Decium
718 195 1026 250 intercludant,
1065 209 1178 237 nunc
1216 195 1330 237 viam
1369 196 1628 250 patefacere,
1666 198 1717 237 ut

164 256 387 312 degressos
426 257 469 297 in
509 256 663 296 vallem
704 255 965 298 adoriantur.
1021 255 1225 309 incertos,
1264 254 1364 309 quid
1397 257 1592 310 agerent,
1629 269 1718 297 nox

165 317 391 370 oppressit.

284 374 461 415 Decium
488 374 674 428 primum
702 388 798 427 spes
824 372 963 414 tenuit
989 387 1084 413 cum
1111 372 1394 414 subeuntibus
1420 371 1466 413 in
1492 372 1718 413 adversum

166 434 316 475 collem
350 448 399 474 ex
433 433 651 486 superiore
683 433 776 473 1000
805 446 848 474 se
875 434 1183 486 pugnaturum3
1216 431 1368 472 deinde
1401 431 1628 473 admiratio
1654 431 1716 472 in-

166 493 309 544 cessit,
351 491 463 546 quod
494 506 571 533 nec
610 505 799 546 pugnam
837 491 1014 544 inirent,
1051 505 1145 544 nec,
1185 490 1220 531 si
1253 490 1306 532 ab
1339 504 1388 532 eo
1427 490 1607 532 consilio
1639 490 1718 531 ini-

167 610 488 651 centurionibus
529 610 580 651 ad
620 625 663 651 se
696 609 878 651 vocatis:

97 562 139 592 13
167 552 330 605 quitate
357 551 440 592 1001
461 551 786 604 deterrerentur,
813 564 940 604 opere
967 564 1010 591 se
1035 549 1234 603 valloque
1257 549 1580 591 circumdarent.
1624 550 1717 590 tum

922 608 1155 663 ‘quaenam
1201 608 1276 649 illa
1320 608 1492 650 inscitia
1528 608 1631 649 belli
1670 622 1720 650 ac

165 669 344 724 pigritia
376 673 457 722 est,
497 672 570 710 aut
602 683 788 724 quonam
821 668 947 709 modo
980 668 1055 709 isti
1087 682 1137 709 ex
1171 665 1370 708 Sidicinis
1403 665 1719 733 Campanisque

166 728 392 769 victoiiam
424 727 711 783 pepererunt?
761 728 842 769 huc
869 730 996 782 atque
1023 727 1126 767 illuc
1159 727 1282 781 signa
1313 726 1478 768 moveri
1510 740 1559 767 ac
1590 725 1720 767 modo

166 787 212 828 in
243 802 375 828 unum
415 787 618 840 conferri,
656 787 782 828 modo
822 786 962 828 diduci
1000 786 1174 840 videtis3
1214 800 1321 840 opus
1360 785 1531 840 quidem
1567 784 1723 839 incipit

98 857 142 887 14
167 861 311 901 nemo,
350 861 445 888 cum
482 846 568 887 iam
608 845 860 888 circumdati
898 845 1012 886 vallo
1044 845 1309 899 potuerimus
1343 859 1446 886 esse.
1495 846 1589 885 tum
1619 857 1720 886 vero

167 920 246 947 nos
273 906 434 947 similes
461 906 644 947 istorum
671 905 817 958 simus,
851 904 886 946 si
913 905 1071 945 diutius
1098 903 1168 945 hic
1195 918 1422 958 moremur,
1455 917 1583 957 quam
1610 916 1724 944 com-

167 965 340 1006 modum
387 965 456 1006 sit.

514 965 630 1019 agite
676 964 794 1017 dum,
837 964 895 1004 ite
933 977 1117 1017 mecum,
1161 965 1226 1017 ut,
1270 963 1370 1004 dum
1413 962 1520 1003 lucis
1565 961 1725 1016 aliquid

168 1028 374 1078 superest,
408 1023 562 1078 quibus
588 1024 695 1065 locis
722 1022 934 1077 praesidia
958 1024 1136 1077 ponant,
1166 1037 1250 1076 qua
1275 1023 1423 1076 pateat
1447 1021 1548 1063 hinc
1574 1021 1724 1071 exitus,

100 1093 141 1124 15
170 1081 465 1137 exploremus?
515 1083 620 1124 haec
653 1082 796 1123 omnia
829 1082 978 1136 sagulo
1006 1081 1172 1136 gregali
1198 1081 1378 1122 amictus
1405 1080 1725 1122 centurionibus

168 1142 272 1182 item
306 1142 642 1197 manipularium
668 1141 853 1182 militum
879 1141 1031 1182 habitu
1059 1140 1210 1195 ductis,
1241 1155 1294 1181 ne
1321 1140 1469 1181 ducem
1502 1138 1726 1180 circumire

168 1200 317 1242 hostes
342 1204 554 1254 notarent,
586 1200 875 1255 perlustravit.

288 1259 463 1315 Vigiliis
501 1260 650 1301 deinde
690 1259 908 1313 dispositis
948 1259 1100 1300 ceteris
1147 1258 1347 1300 omnibus
1384 1260 1592 1299 tesseram
1634 1256 1727 1298 dari

169 1319 301 1372 iubet,
327 1319 400 1360 ubi
429 1319 639 1360 secundae
667 1318 842 1373 vigiliae
868 1318 1023 1359 bucina
1050 1318 1196 1358 datum
1223 1317 1393 1371 signum
1420 1319 1544 1370 esset,
1573 1315 1728 1357 armati

121 1390 141 1420 2
170 1392 264 1419 cum
298 1379 467 1419 silentio
501 1378 552 1418 ad
587 1392 630 1418 se
663 1378 952 1419 convenirent.
1002 1391 1086 1431 quo
1124 1377 1217 1429 ubi,
1257 1376 1368 1417 sicut
1405 1376 1592 1417 edictum
1624 1377 1727 1429 erat,

168 1438 286 1478 taciti
325 1440 634 1489 convenerunt,
678 1435 782 1478 ehoc
829 1436 1067 1490 silentium,
1119 1434 1314 1487 milites,'

1359 1435 1500 1489 inquit
1545 1433 1556 1452 ²
1566 1433 1726 1475 omisso

170 1497 348 1537 militari
377 1511 552 1537 assensu
574 1497 617 1537 in
645 1510 711 1536 me
733 1495 943 1536 audiendo
967 1494 1222 1536 servandum
1244 1495 1321 1534 est.
1364 1493 1439 1534 ubi
1467 1492 1726 1534 sententiam

170 1570 308 1596 meam
329 1556 450 1596 vobis
472 1569 689 1610 peregero,
715 1558 820 1608 tum,
841 1555 994 1608 quibus
1022 1554 1168 1594 eadem
1195 1553 1438 1607 placebunt,
1464 1552 1508 1593 in
1533 1552 1727 1593 dextram

168 1617 335 1669 partem
373 1616 493 1656 taciti
531 1614 795 1668 transibitis3
839 1628 946 1668 quae
985 1627 1084 1667 pars
1127 1614 1265 1653 maior
1303 1612 1402 1665 erit,
1446 1625 1495 1652 eo
1541 1610 1726 1652 stabitur

219 1770 271 1800 11.
285 1766 382 1800 viam
391 1765 613 1811 patefacere]
624 1765 656 1799 d.
667 1765 702 1800 h.
713 1765 784 1800 den
793 1765 915 1810 Hu'gel

168 1825 240 1847 nur
265 1825 347 1847 zum
373 1812 453 1847 'l‘eil
479 1812 675 1856 umgeben.

219 1864 271 1894 12.
281 1860 460 1906 valloque]
469 1859 914 1904 genauereBestimmung

169 1919 213 1942 zu
239 1908 323 1942 dem
350 1907 597 1952 allgemeinen
624 1906 766 1952 Begriff
794 1918 914 1951 opere:

168 1955 259 1989 Vers
264 1955 457 2000 chanzung
477 1954 551 1988 und
573 1955 685 1998 Wall,
706 1954 739 1989 d
755 1954 791 1989 h.
814 1953 914 1988 Wall

169 2001 244 2035 und
270 2001 427 2036 Graben

221 2052 273 2083 13.
302 2049 467 2101 inscitia]
494 2048 578 2093 Vgl.
607 2048 698 2092 Kap.
721 2052 774 2090 12,
797 2051 829 2082 2.

218 2096 391 2141 συνίστη]
418 2095 488 2130 wie
523 2108 566 2129 zu
599 2095 720 2129 einem
748 2077 913 2139 A’ngriffe

170 2142 258 2187 (vgl
286 2142 376 2187 Kap.
402 2146 454 2185 15
475 2144 522 2185 4).

217 2190 332 2234 nemo]
376 2190 445 2223 mit
488 2189 712 2223 Nachdruck
757 2199 802 2223 an
842 2188 914 2223 den

171 2236 318 2270 Schluss
345 2236 507 2281 gestellt.

221 2288 271 2317 14
293 2287 369 2318 tum
389 2295 422 2318 v
422 2283 485 2328 ro]
511 2282 658 2317 ‘'dann
649 2295 686 2317 1n
707 2280 771 2317 dei
781 2283 913 2325 Thatz

169 2331 239 2364 mit
270 2330 495 2364 Nachdruck
527 2331 813 2373 voranoestellt,
853 2311 919 2364 aui*

171 2378 243 2412 den
286 2377 608 2422 Bedingungssatz
656 2378 724 2411 mit
765 2378 798 2412 si
833 2377 915 2411 hin-

171 2425 342 2459 weisend.
383 2428 414 2466 6,
439 2429 492 2466 14,
513 2428 553 2466 43
581 2428 613 2465 8,
634 2428 689 2466 30,
716 2428 767 2458 11.
885 2468 888 2470 -

219 2481 273 2512 15.
301 2477 443 2523 saqvlo]
475 2477 602 2512 Livius
629 2477 834 2521 gebraucht
858 2488 915 2511 sa-

169 2526 294 2570 qulam
303 2526 371 2560 mit
379 2524 553 2559 Vorliebe
564 2527 692 2568 (21,4,7
703 2539 711 2566 ς
721 2527 778 2564 27,
790 2527 843 2563 19,
855 2528 914 2567 12;

172 2577 227 2615 30,
239 2577 292 2614 17,
305 2575 361 2615 13)
372 2573 467 2607 ohne
478 2570 914 2606 verkleinerndeNeben-

170 2620 387 2663 bedeutung
425 2621 518 2653 statt
556 2619 620 2653 des
658 2618 913 2652 Stammworts

170 2678 298 2711 seryum
324 2668 394 2709 (10,
415 2669 472 2709 30,
497 2668 564 2709 10).

217 2719 372 2765 yreyalz‘]
410 2719 480 2753 wie
518 2717 584 2752 ibn
620 2718 679 2752 die
718 2716 914 2763 gemeinen

173 2765 351 2800 Soldaten
365 2767 495 2800 milites
508 2766 669 2811 yreqarii
689 2766 777 2800 oder
796 2765 912 2799 mani-

166 2814 330 2856 pulares)
369 2814 504 2856 trugen
543 2812 652 2856 (‘mit
686 2812 808 2846 einem
851 2821 912 2856 ge-

171 2859 317 2894 meinen
343 2859 659 2905 Kriegerrocke’).

1033 1763 1178 1809 habitu]
1203 1762 1350 1806 Tracht,
1377 1762 1576 1807 Kleidung.

1034 1811 1170 1856 ductis]
1191 1827 1234 1839 =
1255 1821 1334 1845 eum
1358 1810 1593 1855 sequentibus.

1034 1858 1145 1893 35.1.
1184 1857 1365 1903 tesseram]
1402 1857 1461 1891 ein
1497 1854 1728 1900 viereckiges

987 1905 1190 1940 Tafelchen
1240 1905 1309 1939 mit
1365 1904 1465 1939 einer
1513 1902 1728 1945 Aufschrift,

987 1954 1161 1987 meistens
1186 1951 1256 1986 mit
1286 1952 1352 1986 der
1376 1950 1527 1993 Parole3
1561 1954 1729 1985 tesseram

986 2001 1074 2035 dare
1102 2000 1195 2033 ‘den
1220 1998 1351 2033 Befehl
1377 1997 1543 2041 erteilen,
1564 1996 1623 2032 die
1642 1996 1729 2031 Mit-

985 2048 1132 2091 teilung
1144 2045 1314 2081 machen⁷
1333 2044 1440 2091 (Kap.
1450 2048 1505 2089 36,
1516 2048 1555 2088 73
1570 2049 1603 2087 9,
1618 2047 1673 2088 32,
1688 2047 1728 2086 43

987 2099 1043 2137 27,
1064 2098 1120 2137 46,
1143 2098 1179 2136 13
1201 2097 1256 2137 28,
1280 2097 1334 2136 14,
1355 2095 1403 2135 6).

1033 2143 1210 2176 secundae
1263 2139 1426 2185 viyiliae]
1477 2138 1545 2173 Die
1593 2137 1730 2172 Rfimer

985 2188 1118 2223 teilten
1140 2188 1199 2221 die
1214 2187 1337 2222 Nacht
1357 2186 1417 2221 ein
1429 2186 1466 2220 in
1480 2186 1560 2221 vier
1571 2185 1729 2229 viqiliae.

990 2236 1061 2270 Das
1112 2235 1269 2269 Zeichen
1319 2246 1400 2268 zum
1443 2233 1620 2267 Wechsel
1664 2232 1729 2265 der

987 2282 1128 2317 Wache
1135 2295 1154 2316 n
1168 2282 1292 2316 wurde
1301 2280 1425 2316 erteilt
1434 2280 1504 2314 mit
1511 2281 1575 2314 der
1584 2277 1728 2321 bucina,

989 2331 1069 2364 dem
1087 2328 1355 2374 ‘Signalhorn’,
1377 2327 1498 2362 einem
1511 2327 1729 2371 gebogeneu

989 2375 1300 2411 Blasinstrument
1325 2387 1398 2410 von
1423 2374 1502 2409 Erz.

1036 2435 1116 2458 cum
1152 2422 1311 2468 silentio]
1353 2421 1413 2456 ‘in
1457 2421 1549 2455 aller
1584 2419 1729 2455 Stille'.

987 2471 1134 2505 Ebenso
1151 2474 1205 2512 25,
1222 2474 1254 2512 9,
1272 2474 1331 2513 15;
1358 2468 1470 2503 meist
1487 2467 1626 2503 blosser
1645 2465 1728 2501 Abl.

988 2518 1087 2552 modi
1113 2518 1264 2552 silentio.

1035 2575 1067 2605 2.
1094 2570 1257 2615 assensu]
1287 2569 1403 2604 durch
1424 2566 1602 2602 Geschrei
1620 2566 1729 2612 (Kap.

1032 2669 1220 2716 pereqero]
1321 2667 1730 2720 ‘auseinandergesetzt

985 2717 1109 2752 habe’.
1168 2717 1236 2751 Die
1274 2715 1481 2751 Redensart
1517 2713 1730 2748 sententiam

980 2775 1154 2809 pei-ayere
1185 2762 1301 2798 findet
1335 2761 1415 2797 sich
1445 2760 1539 2796 auch
1565 2764 1603 2804 3,
1623 2763 1686 2804 40,
1707 2763 1728 2794 5

986 2811 1060 2845 und
1086 2815 1143 2853 22,
1166 2814 1220 2853 60,
1242 2814 1272 2844 6.

1034 2857 1139 2903 quae]
1162 2874 1206 2885 =
1225 2860 1324 2898 atra,
1351 2855 1419 2890 wie
1445 2854 1538 2899 Kap.
1559 2857 1592 2898 9,
1614 2857 1644 2889 7.
