1794 3084
101 1038 157 1079 22

172 107 230 148 42
690 104 832 138 LIBER
857 104 901 140 V.
946 103 1048 138 CAP.
1074 106 1129 138 21.
1159 106 1212 137 22.

1529 119 1554 138 a.
1574 119 1602 138 u.
1622 118 1648 138 ο.
1667 111 1730 139 858.

172 227 331 269 pugna,
363 215 405 254 et
437 213 620 254 dictator
652 224 883 265 praecones
918 210 1081 251 edicere
1112 209 1245 264 iubet,
1275 212 1324 251 ut
1356 210 1409 251 ab
1443 209 1599 252 inermi
1632 209 1728 252 abs-

173 274 373 315 tineatur.
424 272 460 313 is
493 270 589 311 finis
624 269 845 323 sanguinis
877 268 971 309 fuit.

291 331 400 373 Dedi
437 329 533 370 inde
565 329 750 369 inermes
788 327 939 381 coepti,
972 328 1014 367 et
1045 326 1097 368 ad
1129 325 1334 380 praedam
1364 326 1488 369 miles
1519 326 1729 381 permissu

174 389 394 432 dictatoris
427 387 638 428 discurrit.
683 400 791 441 quae
824 400 919 426 cum
947 387 1047 426 ante
1067 385 1214 426 oculos
1241 385 1330 426 eius
1357 384 1626 440 aliquantum
1654 399 1729 439 spe

175 452 303 503 atque
336 446 535 501 opinione
568 446 705 486 maior
737 445 997 499 maiorisque
1030 444 1156 498 pretii
1181 457 1323 484 rerum
1349 443 1543 498 ferretur,
1576 443 1730 485 dicitur

103 519 146 550 15
173 522 326 549 manus
354 505 406 546 ad
434 504 599 546 caelum
625 503 783 544 tollens
810 506 1005 557 precatus
1034 516 1138 555 esse,
1163 504 1223 555 ut,
1250 502 1286 543 si
1312 501 1379 544 cui
1399 502 1575 544 deorum
1593 501 1729 544 homi-

173 579 356 619 numque
382 563 518 604 nimia
544 576 621 603 sua
646 561 821 603 fortuna
847 561 1078 615 populique
1097 560 1285 602 Romani
1310 560 1536 615 videretur,
1561 562 1611 602 ut
1636 574 1730 602 eam

172 624 379 665 invidiam
413 621 547 662 lenire
580 635 707 675 quam
739 620 917 661 minimo
945 634 1021 661 suo
1048 620 1214 673 privato
1241 619 1513 661 incommodo
1539 619 1732 674 publico-

104 696 146 726 16
174 696 252 737 que
286 680 436 736 populi
462 679 645 721 Romani
677 679 837 720 liceret.
889 681 1212 720 convertentem
1244 692 1288 719 se
1319 678 1432 720 inter
1461 677 1575 719 hanc
1606 691 1730 719 vene-

172 741 384 782 rationem
421 738 608 780 traditur
640 737 872 779 memoriae
904 737 1152 791 prolapsum
1185 736 1404 790 cecidisse;
1444 736 1571 791 idque
1603 750 1731 778 omen

172 799 429 855 pertinuisse
460 800 613 851 postea
645 800 801 837 eventu
827 810 917 837 rem
945 795 1286 837 coniectantibus
1313 795 1451 836 visum
1478 795 1530 836 ad
1557 795 1730 836 damna-

171 859 334 900 tionem
377 856 511 911 ipsius
550 854 740 908 Camilli,
784 858 935 908 captae
981 854 1131 895 deinde
1175 854 1293 895 urbis
1333 853 1575 908 Romanae,
1619 853 1732 908 quod

104 930 145 961 17
173 920 272 972 post
321 929 480 971 paucos
532 913 687 955 accidit
730 927 880 964 annos,
931 912 1106 954 cladem.

1181 915 1309 966 atque
1351 912 1423 953 ille
1469 912 1558 953 dies
1604 911 1732 954 caede

173 976 360 1017 hostium
395 988 443 1015 ac
476 972 714 1026 direptione
746 972 866 1013 urbis
899 971 1251 1025 opulentissimae
1284 973 1350 1012 est
1380 972 1672 1025 consumptus.

290 1033 469 1075 Postero
509 1031 576 1072 die
614 1031 750 1072 libera
785 1044 966 1084 corpora
1005 1030 1190 1071 dictator
1223 1030 1300 1071 sub
1335 1044 1493 1071 corona
1524 1029 1733 1084 vendidit3

174 1201 231 1240 12,
259 1201 276 1232 7
310 1193 569 1231 senescentibus
601 1193 721 1237 vitiis;
758 1196 791 1236 9,
818 1197 875 1235 27,
897 1197 916 1227 6

172 1255 346 1280 senescere
383 1242 558 1277 dilatione
596 1240 677 1274 belli
708 1240 822 1283 2·i7·es,·
860 1243 918 1284 23,

172 1296 228 1333 43,
252 1296 294 1326 10
321 1292 389 1325 etc.
416 1289 509 1332 Kap.
536 1291 592 1331 43,
615 1291 645 1321 7.

220 1336 430 1382 sanquivnz's]
449 1335 531 1368 hier
546 1351 589 1363 =
605 1334 734 1368 caedis.
755 1337 787 1375 2,
802 1337 916 1377 30,15

171 1386 324 1431 plusque
373 1384 425 1418 ibi
473 1381 667 1426 sanyuz'nis
703 1381 915 1425 promiscua

173 1434 333 1468 omnium
375 1439 543 1475 yenerum
587 1428 692 1462 caede
729 1439 837 1472 quam
875 1429 915 1461 in

171 1481 254 1524 ipsa
289 1477 520 1514 dimicatione
551 1475 709 1518 faetum;
755 1478 787 1517 9,
817 1477 871 1517 13,
898 1478 918 1509 5

166 1528 255 1572 plns
291 1524 485 1571 sanquinis
522 1533 565 1557 ac
603 1522 723 1556 caedis
759 1522 918 1564 factum,-

173 1577 228 1617 35,
252 1577 308 1615 51,
330 1577 361 1607 3.
389 1571 476 1605 Tac.
497 1568 590 1603 Ann.
612 1573 644 1611 4,
665 1572 709 1602 47
736 1569 918 1614 sanquine

172 1621 412 1656 barbarorum
438 1617 587 1652 modico.

221 1672 276 1702 14.
303 1665 402 1711 dedi]
422 1663 573 1698 reflexiv
593 1665 652 1706 (=
666 1662 750 1697 inde
766 1663 919 1697 inermes

171 1725 208 1749 se
239 1715 363 1749 dedere
395 1711 609 1756 coeperunt).
647 1713 681 1750 4,
702 1712 759 1752 29,
780 1713 802 1743 4
835 1710 920 1744 dedi

171 1762 286 1796 hostes
312 1759 436 1804 coepti.
475 1761 508 1800 4,
530 1761 585 1799 34,
607 1760 638 1790 3.

220 1805 467 1853 aliquantum]
496 1804 568 1837 Der
587 1805 716 1836 Aecus.
739 1804 832 1837 statt
853 1802 917 1837 des

174 1854 257 1890 Abl.
279 1862 474 1889 mensurae
493 1849 592 1885 beim
607 1849 848 1894 Komparativ
870 1848 920 1884 ist

173 1902 231 1937 ein
253 1901 412 1936 seltener
433 1898 661 1933 Gracismus:
688 1897 920 1941 aliquantum

173 1949 329 1993 amplior
350 1952 381 1991 1,
404 1951 436 1989 7,
457 1949 494 1987 93
521 1945 567 1979 al.
590 1944 715 1979 melior
734 1947 790 1986 40,
805 1947 862 1987 40,
880 1948 917 1986 1;

172 1999 350 2041 quantum
369 1993 487 2037 mayis
507 1995 538 2034 3,
562 1994 616 2033 15,
638 1994 680 2031 2ς
707 2002 738 2034 q.
759 1991 848 2034 plus
864 1995 918 2033 10,

173 2046 231 2085 35,
258 2046 295 2084 2,
328 2053 359 2086 q.
394 2040 538 2083 longius
564 2041 619 2079 44,
642 2041 673 2079 7,
695 2040 726 2071 6.
772 2036 844 2072 Cic.
873 2036 918 2071 de

174 2100 225 2124 or.
253 2092 285 2132 3,
307 2092 349 2123 92
377 2097 452 2121 non
476 2085 627 2120 multum
653 2087 703 2118 est
727 2085 858 2118 maius.

220 2135 356 2180 rerum]
377 2133 466 2168 Gen.
489 2130 620 2175 explic.
642 2142 685 2164 zu
705 2141 805 2175 quae.
832 2130 917 2175 Vgl.

173 2186 229 2225 21,
251 2185 307 2225 60,
327 2185 348 2216 8
369 2179 515 2226 praeda
534 2178 662 2222 oppidi
675 2178 789 2220 parvi
803 2179 918 2221 pretii

176 2241 296 2265 rerum
320 2229 404 2271 fuit.

223 2280 277 2311 15.
304 2279 366 2310 ut.
386 2272 489 2318 ..πῇ
516 2270 584 2306 Die
604 2269 916 2305 nachdri'ickliche

173 2321 469 2364 Wiederholung
501 2319 566 2352 des
594 2316 729 2351 finalen
753 2321 795 2352 ut
819 2318 917 2351 nach

174 2370 295 2405 einem
306 2366 597 2403 Zwischensatze
610 2364 727 2398 findet
735 2363 812 2398 sich
822 2365 917 2398 auch

174 2428 221 2452 an
254 2416 345 2450 zwei
377 2413 517 2449 andern
551 2411 708 2446 Stellen:
742 2414 797 2454 22,
820 2415 874 2452 11,
896 2416 917 2446 4

173 2468 233 2508 ut,
270 2463 402 2508 quibus
438 2459 575 2505 oppida
606 2458 819 2502 castellaque
849 2459 915 2492 im-

173 2512 315 2545 munita
347 2510 477 2549 essent,
510 2509 551 2540 ut
582 2505 612 2538 ii
643 2506 917 2549 commiyrarent

175 2559 215 2592 in
247 2558 325 2592 loca
355 2558 456 2598 tula;
494 2557 550 2595 37,
571 2555 627 2595 50,
649 2554 668 2585 6
700 2554 758 2594 ut,
797 2553 917 2596 siper

174 2604 395 2640 commodum
409 2602 461 2636 rei
470 2599 642 2645 publicae
655 2598 776 2641 facere
787 2602 914 2642 posset,

174 2655 215 2686 ut
241 2652 288 2686 ad
313 2650 461 2686 comitia
486 2646 639 2682 Romam
664 2646 810 2680 veniret.

221 2709 299 2733 eam
318 2694 514 2740 invidiam]
542 2693 574 2727 d.
595 2692 631 2726 h.
659 2691 731 2726 den
751 2692 916 2726 dadurch

175 2747 343 2788 erregten
358 2742 464 2777 Neid.
481 2761 525 2767 —
539 2740 612 2774 Der
626 2737 813 2782 Gedanke‚
835 2738 916 2774 dass

174 2791 315 2836 grosses
349 2788 469 2825 Glfick
499 2786 616 2822 leicht
641 2786 830 2821 Hochmut
862 2796 915 2820 er-

175 2848 291 2882 zeuge
317 2836 392 2870 und
418 2836 475 2869 ins
496 2832 668 2878 Ungh'ick
688 2833 915 2878 umschlage,

990 1193 1106 1227 findet
1140 1191 1219 1226 sich
1252 1191 1307 1227 oft
1340 1190 1392 1226 im
1417 1191 1614 1226 Altertum.
1662 1190 1732 1227 Die

992 1238 1177 1281 Grieclien
1197 1238 1281 1283 (mit
1300 1239 1469 1282 wenigen
1482 1238 1731 1282 Ausnahmen,

991 1287 1060 1320 wie
1095 1286 1297 1330 Aschylus,
1334 1285 1460 1329 Plato,
1497 1284 1732 1329 Aristoteles)

992 1333 1184 1368 schreiben
1220 1332 1298 1367 dies
1330 1333 1395 1367 der
1429 1331 1638 1367 Eifersucht
1668 1332 1734 1367 der

991 1379 1123 1414 Gotter
1142 1391 1196 1423 zu,
1222 1379 1364 1414 welche
1382 1379 1488 1414 nicht
1507 1378 1630 1422 dulde,
1651 1378 1732 1414 dass

991 1427 1240 1461 menschliche
1261 1426 1392 1461 Grosse
1410 1425 1487 1460 und
1506 1427 1635 1461 Macht
1653 1426 1733 1461 sich

992 1474 1056 1508 der
1063 1472 1270 1518 gottlichen
1280 1472 1579 1519 Glfickseligkeit
1586 1473 1732 1508 nabere.

991 1520 1227 1555 Namentlich
1253 1520 1419 1555 Herodot
1442 1520 1560 1555 findet
1583 1520 1621 1554 in
1648 1520 1733 1554 dem

991 1567 1138 1610 φθόνος
1153 1568 1226 1601 τῶν
1241 1567 1345 1602 θεῶν
1360 1567 1430 1602 den
1438 1566 1595 1602 tieferen
1606 1565 1732 1602 Grund

992 1614 1056 1648 des
1079 1615 1195 1659 j'ahen
1221 1613 1634 1658 SchicksalswechscIS,
1660 1624 1733 1649 von

991 1662 1167 1696 welchem
1184 1661 1329 1705 Konige
1349 1673 1384 1695 u.
1398 1661 1537 1696 Volker
1550 1660 1734 1706 getroffen

990 1709 1139 1743 werden
1153 1710 1209 1753 (so
1225 1708 1374 1751 Krbsus,
1395 1707 1623 1753 Polykrates,
1641 1707 1732 1743 Xer-

989 1757 1080 1799 xes).

1038 1802 1172 1848 liceret]
1198 1801 1311 1836 n'aml.
1337 1802 1418 1836 sibi.

1040 1852 1094 1885 16.
1121 1852 1378 1884 convertentem
1401 1848 1453 1895 se]

991 1895 1061 1930 mit
1083 1896 1307 1931 verhi‘illtem
1327 1895 1476 1940 Haupte
1502 1896 1597 1930 nach
1618 1894 1734 1930 Osten

991 1943 1203 1987 gewendet,
1242 1943 1317 1977 und
1349 1942 1446 1977 nach
1476 1942 1562 1977 dem
1592 1941 1732 1977 Gebete

991 1991 1121 2024 drehte
1157 2000 1244 2024 man
1277 1989 1355 2023 sich
1388 1990 1485 2024 nach
1509 1989 1633 2024 rechts
1657 2001 1731 2024 um.

990 2036 1111 2072 Plaut.
1139 2036 1242 2072 Cure.
1271 2039 1332 2078 703
1359 2036 1454 2070 Plin.
1480 2039 1536 2079 28,
1557 2040 1613 2071 25.

1032 2083 1263 2128 prolapsum]
1275 2083 1637 2118 vorwartssttirzend.
1646 2081 1732 2127 Vgl.

994 2135 1023 2173 1,
1044 2134 1100 2173 56,
1124 2133 1166 2164 12
1192 2130 1287 2165 velut
1311 2130 1345 2164 si
1363 2130 1562 2174 prolapsus
1587 2130 1732 2166 cecidis-

989 2181 1040 2212 set
1046 2191 1058 2219 ;
1087 2181 1118 2219 1,
1139 2180 1195 2220 58,
1218 2181 1260 2210 12
1274 2177 1521 2221 prolapsaque
1538 2177 1581 2211 in
1598 2177 1733 2212 vulnus

989 2224 1208 2259 moribunda
1233 2224 1370 2260 cecidit.
1402 2223 1486 2268 Vgl.
1507 2223 1600 2268 Kap.
1621 2227 1678 2268 47,
1699 2226 1731 2259 ὅ.

1037 2269 1336 2316 coniectantibus]
1358 2282 1387 2305 c.
1402 2280 1490 2314 acc„
1513 2271 1629 2306 ‘nach
1642 2270 1733 2305 Ver-

989 2320 1147 2361 mutung
1166 2316 1352 2362 auslegen,
1374 2317 1508 2352 deuten
1521 2317 1546 2352 ’.
1572 2321 1630 2361 29,
1643 2320 1698 2361 14,
1710 2321 1730 2352 9

990 2365 1222 2399 coniectando
1253 2375 1326 2399 rem
1357 2367 1529 2399 vetustate
1553 2365 1730 2400 obrutam.

989 2410 1159 2493 Rgnzigizziz
1176 2412 1426 2502 ZffiaZquoc,
1450 2410 1563 2446 naml.
1584 2414 1627 2446 ut
1644 2411 1732 2447 wrbs

1037 2504 1186 2549 cladem]
1205 2505 1388 2548 Ungh‘ick,
1408 2504 1478 2538 mit
1492 2504 1581 2539 Gen.
1597 2503 1729 2549 explic.

990 2551 1064 2586 Das
1102 2550 1275 2596 Ungh'ick
1311 2563 1388 2586 war
1425 2550 1485 2586 die
1523 2551 1730 2586 Einnahme

989 2599 1102 2633 Roms
1129 2598 1246 2632 durch
1270 2598 1331 2632 die
1358 2597 1509 2633 Gallier.

1037 2644 1100 2680 22.
1129 2649 1158 2680 1.
1183 2645 1350 2690 corpora]
1374 2644 1615 2688 ‘Personen’,
1635 2643 1731 2679 auch

991 2696 1092 2735 6,13,
1109 2696 1129 2726 6
1157 2692 1225 2726 mit
1244 2692 1357 2726 libera
1377 2691 1600 2726 verbunden.
1628 2690 1730 2736 Sing.

989 2740 1140 2774 liberum
1160 2749 1289 2783 eorpus
1309 2743 1340 2782 3,
1357 2741 1413 2781 56,
1427 2741 1448 2773 8
1474 2750 1508 2772 u.
1536 2737 1626 2774 Sall.
1649 2737 1729 2774 Cat.

1034 2814 1100 2868 {ub
1109 2832 1258 2878 corona]
1275 2831 1355 2867 Den
1363 2831 1730 2877 Kriegsgefangenen

1487 1848 1575 1883 Man
1605 1848 1732 1884 betete
