1794 3084
68 103 95 121 a.
117 94 169 120 Ch.
191 102 222 120 n.
242 94 303 120 343.

599 85 744 120 LIBER
769 85 847 121 VII.
901 84 1002 120 CAP.
1030 88 1086 120 34.
1579 84 1634 126 75

69 192 336 236 Samnitibus
376 197 460 247 est,
505 194 645 248 quoad
684 196 824 236 totum
863 194 909 235 in
946 193 1105 235 vallem
1154 193 1347 235 infimam
1390 193 1636 236 demitteret

68 267 238 308 agmen,
269 252 315 295 P.
342 252 500 294 Decius
534 253 733 295 tribunus
766 254 954 295 militum
987 253 1197 308 conspicit
1229 268 1362 294 unum
1396 253 1557 295 editum
1589 253 1634 294 in

68 313 181 354 saltu
197 313 362 366 collem,
381 312 676 353 imminentem
698 313 889 354 hostium
906 313 1074 366 castris,
1096 313 1217 354 aditu
1233 312 1412 354 arduum
1427 312 1633 367 impedito

67 372 243 427 agmini,
275 371 486 426 expeditis
518 371 633 413 haud
667 371 896 413 difficilem,
946 371 1092 426 itaque
1119 372 1288 414 consuli
1315 373 1468 413 territo
1501 372 1635 413 animi
1660 381 1683 412 4

67 430 267 473 ‘videsne
298 429 369 472 tu'
401 430 553 485 inquit,
587 430 654 472 εΑ.
682 429 866 486 Corneli,
899 445 1101 473 cacumen
1134 431 1240 473 illud
1272 446 1400 486 supra
1433 431 1633 473 hostem?

67 506 143 533 arx
180 490 258 532 illa
297 492 363 531 est
402 491 491 544 spei
532 490 766 544 salutisque
808 493 1000 544 nostrae,
1039 491 1075 532 si
1114 504 1230 544 eam,
1276 491 1480 545 quoniam
1519 490 1634 532 caeci

68 550 281 604 reliquere
316 548 550 603 Samnites,
591 549 777 605 impigre
811 550 1016 603 capimus.
1073 564 1125 590 ne
1158 553 1205 591 tu
1237 550 1344 591 mihi
1375 550 1471 604 plus
1505 565 1634 605 quam
1661 561 1680 591 5

65 610 193 650 unius
226 608 408 664 legionis
441 609 653 664 principes
686 609 968 663 hastatosque
1008 608 1192 661 dederis3
1233 624 1328 650 cum
1369 609 1522 663 quibus
1561 609 1634 651 ubi

66 683 242 711 evasero
283 669 327 709 in
365 683 598 722 summum,
642 682 772 722 perge
818 668 918 709 hinc
958 668 1075 709 omui
1114 668 1224 710 liber
1264 670 1382 709 metu
1424 672 1551 723 teque
1592 671 1635 710 et

65 728 301 770 exercitum
328 742 468 783 serva,
500 742 638 783 neque
666 728 778 769 enim
805 727 969 769 moveri
996 727 1148 781 hostis,
1181 727 1399 769 subiectus
1427 728 1552 770 nobis
1581 728 1634 769 ad

66 802 212 830 omnes
244 787 367 840 ictus,
400 787 491 828 sine
526 802 601 828 sua
634 787 821 841 pernicie
850 787 1026 841 poterit.
1075 801 1152 828 nos
1180 786 1331 828 deinde
1357 790 1432 828 aut
1456 786 1633 829 fortuna
1660 797 1680 829 6

64 846 214 902 populi
246 846 432 888 Romani
465 849 540 888 aut
570 850 722 888 nostra
754 846 890 887 virtus
925 844 1157 900 expediet.'

184 904 461 948 Collaudatus
501 906 554 947 ab
601 906 773 948 consule
813 908 985 960 accepto
1026 905 1241 959 praesidio
1280 905 1398 946 vadit
1430 905 1625 948 occultus
1654 917 1672 948 7

63 979 140 1020 per
173 966 350 1020 saltum3
389 979 466 1007 nec
505 966 623 1020 prius
657 965 710 1007 ab
745 965 869 1006 hoste
909 968 974 1006 est
1012 965 1148 1019 visus,
1189 980 1318 1019 quam
1351 965 1464 1019 loco,
1505 979 1632 1019 quem

61 1025 254 1080 petebat,
293 1025 670 1079 appropinquavit.
720 1024 816 1065 inde
851 1023 1133 1066 admiratione
1164 1025 1422 1079 paventibus
1464 1025 1629 1066 cunctis
1661 1035 1681 1066 8

63 1099 159 1126 cum
186 1085 378 1126 omnium
411 1084 456 1126 in
489 1098 533 1126 se
566 1084 766 1125 vertisset
805 1084 969 1138 oculos,
1009 1086 1052 1124 et
1090 1084 1279 1138 spatium
1312 1084 1480 1126 consuli
1512 1084 1630 1125 dedit

63 1144 115 1186 ad
149 1143 471 1186 subducendum
499 1158 653 1199 agmen
679 1144 723 1184 in
751 1143 991 1197 aequiorem
1022 1143 1165 1184 locum
1199 1146 1241 1185 et
1266 1143 1357 1197 ipse
1384 1144 1429 1185 in
1460 1158 1630 1185 summo

62 1203 260 1245 constitit
309 1203 478 1245 vertice.

547 1202 781 1254 Samnites,
826 1203 926 1244 dum
973 1202 1057 1244 huc
1106 1203 1207 1244 illuc
1265 1204 1391 1258 signa
1443 1206 1630 1257 vertunt,
1657 1214 1676 1246 9

62 1263 287 1317 utriusque
324 1263 386 1304 rei
426 1263 585 1304 amissa
627 1262 849 1304 occasione
894 1276 1030 1316 neque
1074 1261 1241 1316 insequi
1287 1263 1506 1304 consulem
1545 1262 1630 1304 nisi

62 1336 139 1378 per
176 1321 353 1363 eandem
385 1322 560 1374 vallem,
599 1322 643 1363 in
683 1336 768 1376 qua
805 1321 934 1376 paulo
975 1324 1074 1362 ante
1114 1322 1354 1364 subiectum
1395 1336 1492 1363 eum
1534 1322 1631 1363 telis

64 1382 152 1423 suis
185 1381 444 1435 habuerant,
482 1383 668 1435 possunt
698 1395 775 1422 nec
808 1381 972 1436 erigere
1013 1394 1168 1434 agmen
1201 1382 1247 1422 in
1287 1384 1462 1436 captum
1505 1396 1633 1435 super

62 1455 107 1482 se
135 1441 188 1482 ab
210 1440 341 1482 Decio
368 1441 593 1482 tumulum.
638 1440 712 1482 sed
739 1455 836 1482 cum
863 1441 926 1481 ira
946 1440 990 1481 in
1023 1440 1103 1481 hos
1125 1441 1278 1496 magis,
1305 1441 1379 1495 qui
1406 1441 1628 1482 fortunam
1659 1451 1703 1483 10

59 1500 271 1556 gerendae
303 1500 364 1541 rei
397 1501 653 1554 eripuerant,
685 1502 780 1541 tum
807 1500 1106 1554 propinquitas
1132 1500 1216 1541 loci
1244 1504 1372 1554 atque
1399 1501 1494 1554 ipsa
1522 1515 1627 1554 pau-

60 1559 169 1602 citas
189 1560 359 1614 incitat3
387 1562 430 1601 et
450 1574 563 1601 nunc
585 1559 849 1601 circumdare
868 1559 1056 1614 undique
1078 1559 1233 1600 collem
1261 1561 1440 1601 armatis
1461 1560 1625 1612 volunt,
1657 1571 1698 1601 11

63 1711 177 1747 Sonst
202 1714 298 1747 setzt
323 1711 463 1755 Livius,
490 1711 561 1746 wie
581 1710 709 1746 Cicero
736 1711 811 1745 und

65 1759 198 1802 Oasar,
229 1760 326 1794 nach
358 1770 433 1794 non
465 1759 575 1804 (oder
606 1760 690 1802 nec)
729 1763 813 1794 ante

65 1807 169 1852 (oder
189 1808 315 1852 prius)
340 1819 448 1852 quam
475 1807 545 1841 den
571 1805 650 1841 Iud.
677 1805 775 1840 Perf.

112 1863 143 1894 3.
157 1861 368 1906 demitteret]
394 1859 661 1903 ‘hinabsenke‚
683 1859 812 1893 binab—

63 1907 211 1952 steigen
243 1907 382 1952 lasse’,
416 1907 526 1942 n'aml.
561 1907 626 1941 der
658 1907 812 1948 Konsnl,

62 1954 226 1990 welcher
251 1956 344 1989 iiber
375 1954 433 1989 die
467 1953 652 1990 Passho'he
679 1954 717 1988 in
751 1953 811 1988 die

64 2001 336 2037 Thalschlucht
360 2002 540 2037 einrsickt.

114 2049 158 2084 P.
186 2050 337 2096 Decius]
365 2049 450 2094 Vgl.
479 2049 570 2094 Kap.
593 2052 650 2091 21,
671 2053 704 2084 6.

108 2097 241 2143 unum]
286 2098 492 2141 zugesetzt,
546 2109 609 2131 um
659 2097 811 2131 hervor-

65 2144 250 2190 zuheben,
278 2145 359 2180 dass
386 2157 425 2180 es
459 2145 524 2179 dor
556 2143 698 2188 einzige
724 2155 810 2179 war.

109 2202 142 2233 4.
169 2198 302 2245 animi]
330 2198 414 2244 Vgl.
442 2199 535 2242 Kap.
558 2202 613 2242 30,
634 2202 690 2232 22.

113 2245 201 2293 arx]
229 2247 293 2281 der
319 2246 429 2288 Hort,
456 2245 550 2281 Fels.

109 2294 297 2340 reliquere]
370 2293 566 2329 unbesetzt
638 2293 811 2338 gelassen

65 2341 198 2376 haben.

110 2392 142 2423 5.
183 2389 372 2434 principes
414 2387 660 2433 hastatosque]
714 2389 812 2422 etwa

67 2438 160 2470 2400
186 2435 311 2471 Manu.

109 2489 290 2525 subiectus
305 2489 391 2535 etc]
410 2501 476 2523 uns
491 2489 551 2524 fiir
563 2489 636 2523 alle
652 2487 811 2522 Schfisse

67 2537 182 2572 unten
202 2537 415 2581 befindlich,
443 2537 477 2571 d.
499 2538 532 2571 h.
561 2534 813 2580 blossgestellt

64 2584 154 2629 (vgl.
181 2588 237 2628 26,
258 2588 314 2627 46,
338 2589 374 2627 13
401 2589 457 2627 36,
480 2587 534 2627 18,
557 2588 603 2627 7).

113 2641 145 2672 6.
159 2638 312 2681 fortuna
322 2666 329 2673 .
339 2666 346 2673 .
358 2638 505 2681 ‚virtu-s]
522 2637 616 2672 Rom
629 2635 813 2671 verdankt

68 2684 168 2720 seine
189 2683 320 2720 Grosse
346 2686 434 2720 zwei
455 2684 653 2726 Faktoren,
674 2682 812 2718 einmal

67 2731 132 2767 der
162 2733 280 2767 virtus
314 2732 379 2767 des
415 2731 624 2768 romischen
661 2730 811 2775 Volkes,

67 2779 209 2814 sodann
241 2779 326 2814 dem
359 2790 406 2814 an
438 2780 503 2814 das
536 2778 708 2824 Kapitol,
741 2779 812 2813 den

66 2825 326 2871 Vestatempel
357 2827 434 2861 und
467 2827 526 2861 die
559 2827 598 2861 di
626 2826 812 2870 praesides

67 2873 299 2918 gekniipften
326 2873 470 2910 Glfieke
503 2874 591 2919 (vgl.
613 2877 650 2917 5,
678 2877 740 2917 54,
762 2875 811 2918 6),

886 1711 951 1746 der
970 1712 1123 1754 fortuna
1141 1712 1272 1755 populi
1291 1711 1451 1745 Romani
1464 1713 1511 1756 (1,
1526 1715 1581 1754 46,
1594 1714 1632 1755 53

886 1759 1053 1803 2,40,13)
1074 1758 1161 1793 oder
1181 1759 1334 1802 fortuna
1353 1759 1457 1793 urbis
1477 1762 1524 1803 (3,
1539 1763 1570 1803 7,
1588 1760 1633 1803 1),

886 1805 982 1840 ohne
1017 1805 1158 1841 welche
1197 1805 1257 1840 die
1293 1806 1478 1841 romische
1517 1808 1635 1842 virtus

885 1854 1008 1888 nichts
1034 1853 1229 1888 vermocht
1254 1854 1370 1888 hatte.

935 1911 965 1941 7.
1012 1907 1216 1953 praesidio]
1268 1906 1334 1942 das
1386 1906 1518 1952 Corps,
1571 1906 1632 1942 die

885 1954 1276 1999 Truppenabteilung,
1309 1954 1450 1990 welche
1482 1966 1521 1990 er
1552 1966 1632 1989 ver-

884 2001 992 2047 langt
1015 2002 1131 2036 hatte.

932 2049 1048 2095 vadit]
1076 2050 1113 2083 in
1138 2048 1253 2084 fester
1279 2049 1467 2095 Haltung‚
1494 2049 1632 2095 gefasst

885 2096 951 2131 auf
968 2098 1027 2131 ein
1046 2097 1399 2132 Zusammentreffen
1421 2097 1491 2132 mit
1511 2096 1632 2132 einem

883 2144 1022 2179 Feinde
1049 2145 1138 2189 (vgl.
1166 2145 1259 2190 Kap.
1284 2148 1338 2187 16,
1360 2145 1405 2190 5).

931 2209 995 2233 ‘nec
1018 2198 1140 2243 prius]
1169 2197 1216 2233 So
1243 2197 1366 2232 ausser
1391 2198 1429 2232 in
1449 2202 1468 2241 ἓ
1489 2202 1509 2233 2
1537 2198 1633 2233 auch

887 2249 924 2289 1,
948 2249 1008 2289 11,
1031 2249 1050 2280 5
1077 2247 1152 2280 und
1187 2250 1224 2289 9,
1246 2250 1310 2289 32,
1331 2249 1369 2288 83
1402 2247 1506 2280 sonst
1538 2247 1634 2281 setzt

884 2291 1012 2327 Livius
1022 2293 1082 2328 bei
1094 2294 1308 2338 negativem
1317 2293 1524 2338 Hauptsatz
1539 2295 1632 2329 stets

884 2344 968 2375 ante
996 2341 1122 2384 (naml.
1145 2352 1193 2375 an
1218 2344 1263 2375 20
1285 2340 1453 2385 Stellen).

932 2397 963 2429 8.
991 2394 1251 2441 admiratione]
1280 2393 1361 2439 Vgl.
1389 2394 1631 2439 Kap.10‚1·2.

931 2447 1108 2494 vertisset]
1135 2447 1185 2481 im
1208 2447 1318 2482 Sinne
1346 2459 1419 2482 von
1439 2448 1631 2490 defixisset,

884 2494 952 2528 auf
999 2495 1076 2529 sich
1111 2495 1288 2539 gefesselt
1326 2494 1436 2538 hielt,
1476 2506 1516 2530 so
1549 2494 1631 2529 dass

884 2542 951 2622 {er
976 2542 1116 2577 Konsul
1142 2542 1370 2577 unbeachtet
1393 2542 1633 2577 entkommen

913 2591 1035 2624 onnte.

933 2640 964 2671 9.
998 2638 1068 2671 hue
1099 2637 1203 2682 illuc]
1244 2636 1461 2681 Asyndeton
1501 2635 1633 2671 zweier

885 2686 1261 2729 entgegengesetztcr
1298 2682 1458 2727 Begriffe
1490 2682 1529 2717 in
1567 2683 1633 2718 der

883 2731 1077 2766 lebhatten
1090 2731 1322 2775 Erzi‘ihiung3
1337 2731 1407 2766 huc
1418 2732 1506 2766 illuc
1518 2730 1632 2766 findet

884 2778 963 2813 sich
984 2777 1080 2813 auch
1100 2779 1162 2813 bei
1177 2778 1304 2814 Cicero
1321 2777 1394 2822 (ad.
1409 2777 1630 2822 Att.9,9,2),

882 2825 1030 2871 Vergil,
1057 2825 1169 2869 Ovid,
1198 2825 1339 2861 Seneca
1363 2825 1438 2860 und
1463 2829 1632 2861 nament·

883 2872 959 2908 lich
985 2873 1190 2908 siebenmal
1216 2872 1277 2908 bei
1305 2873 1471 2908 Tacitus.
