1794 3084
142 75 195 117 78
629 73 773 108 LIBER
798 72 878 108 VH.
924 72 1026 109 CAP.
1048 76 1102 108 35.
1131 77 1186 108 36.
1490 90 1515 108 a.
1535 91 1563 109 u.
1584 91 1608 109 c.
1629 85 1697 110 411.

141 184 339 226 fallentes
388 183 455 224 vel
501 182 783 223 sentientibus
829 182 1012 223 clamore
1057 182 1198 223 subito
1243 195 1444 235 pavorem
1488 182 1696 225 iniecturi.

72 255 115 285 12
143 258 208 284 me
235 243 360 284 modo
389 242 629 296 sequimini,
656 256 781 295 quem
809 240 943 281 secuti
971 241 1090 293 estis3
1125 254 1203 295 ego
1231 240 1421 295 eandem,
1448 256 1555 296 quae
1578 242 1698 283 duxit

142 303 243 356 huc,
280 316 433 356 sequar
471 301 702 342 fortunam.
759 300 913 355 quibus
947 299 1053 341 haec
1092 300 1298 341 salutaria
1329 300 1542 355 videntur,
1581 301 1697 356 agite

143 363 255 415 dum,
288 361 331 402 in
363 360 555 401 dextram
588 363 754 413 partem
787 359 968 413 pedibus
1000 358 1212 402 transite?

71 421 126 463 36
261 419 420 461 Omnes
451 420 717 460 transierunt
755 418 1064 473 vadentemque
1102 433 1178 472 per
1216 418 1462 460 intermissa.
1493 418 1699 460 custodiis

95 491 114 522 2
142 481 237 522 loca
270 478 446 520 Decium
481 478 615 519 secuti
657 480 767 519 sunt.
823 477 911 518 iam
949 480 1175 518 evaserant
1212 477 1353 518 media
1397 479 1559 531 castra,
1602 492 1696 519 cum

142 538 478 593 superscandens
498 537 679 592 vigilum
701 539 835 578 strata
858 551 1007 578 somno
1035 551 1215 591 corpora
1241 536 1363 577 miles
1385 536 1548 578 offenso
1577 539 1697 578 scuto

140 598 337 652 praebuit
370 597 576 650 sonitum,
609 611 690 650 quo
725 596 934 637 excitatus
968 595 1073 650 vigil
1100 610 1192 637 cum
1220 596 1462 650 proximum
1494 596 1700 638 movisset

142 658 354 710 erectique
383 656 490 697 alios
517 629 794 707 concitarent,
820 656 971 710 ignari,
999 655 1110 696 cives
1139 670 1193 696 an
1219 655 1367 696 hostes
1395 658 1550 706 essent,
1582 669 1700 709 prae-

94 729 113 759 3
142 716 295 757 sidium
329 718 571 769 erumperet
603 729 657 755 an
690 689 861 756 consu?
872 689 1012 755 castia
1044 715 1246 768 cepisset,
1285 713 1463 768 Decius,
1495 714 1700 769 quoniam

140 790 228 817 11011
258 775 470 825 fallerent,
503 775 733 815 clamorem
759 774 910 814 tollere
936 773 1065 814 iussis
1092 773 1301 814 militibus
1328 772 1527 840 torpidos.
1549 787 1700 814 somno

140 835 315 888 insuper
353 848 508 888 pavore
548 833 782 888 exanimat,
827 847 910 888 quo
954 833 1193 887 praepediti
1236 847 1312 874 nec
1353 847 1471 873 arma
1515 832 1700 887 impigre

94 906 115 936 4
142 908 292 948 capere
325 908 401 935 nec
435 892 644 934 obsistere
671 907 749 934 nec
775 892 942 947 insequi
969 894 1181 946 poterant.
1229 893 1341 932 inter
1366 891 1699 946 trepidationem

141 953 456 1006 tumultumque
473 951 730 993 Samnitium
750 951 1012 1005 praesidium
1027 950 1270 992 Romanum
1291 951 1428 992 obviis
1449 950 1701 992 custodibus

144 1013 278 1054 caesis
312 1012 364 1053 ad
398 1014 540 1052 castra
573 1011 758 1052 consulis
790 1010 998 1065 pervadit.

94 1084 113 1114 5
260 1071 543 1125 Aliquantum
583 1072 808 1125 supererat
843 1070 983 1111 noctis
1015 1069 1185 1123 iamque
1224 1069 1267 1110 in
1305 1071 1401 1110 tuto
1444 1068 1702 1110 videbantur

142 1145 246 1183 esse,
279 1145 375 1171 cum
403 1130 557 1171 Decius
591 1129 750 1170 ‘macte
776 1128 955 1170 virtute'
988 1129 1140 1183 inquit,
1167 1127 1342 1169 ‘milites
1370 1127 1564 1182 Romani,
1591 1129 1700 1180 este,

95 1202 114 1232 6
141 1192 330 1231 vestrum
362 1189 444 1230 iter
477 1203 525 1230 ac
558 1189 739 1230 reditum
768 1189 911 1230 omnia
938 1189 1109 1229 saecula
1134 1187 1333 1229 laudibus
1358 1188 1516 1241 ferent3
1550 1187 1622 1228 sed
1649 1187 1701 1227 ad

141 1249 489 1302 conspiciendam
521 1251 690 1289 tantam
721 1248 926 1289 virtutem
958 1248 1051 1289 luce
1084 1261 1132 1288 ac
1164 1246 1231 1288 die
1264 1261 1370 1300 opus
1403 1250 1486 1300 est,
1517 1260 1594 1287 nec
1625 1260 1702 1287 vos

142 1308 263 1363 digni
295 1308 411 1360 estis,
444 1322 550 1362 quos
585 1322 679 1348 cum
711 1310 835 1348 tanta
867 1307 1007 1361 gloria
1037 1307 1081 1347 111
1114 1308 1256 1347 castra
1281 1306 1456 1348 reduces
1483 1304 1701 1346 silentium

95 1381 113 1412 7
143 1381 191 1408 ac
206 1382 291 1409 nox
311 1369 440 1422 tegat.
475 1366 543 1408 hic
563 1367 701 1408 lucem
716 1366 848 1421 quieti
865 1364 1165 1420 opperiamur.'
1198 1365 1323 1407 dictis
1338 1365 1701 1420 obtemperatum,

141 1429 268 1482 atque
294 1426 369 1467 ubi
394 1425 581 1479 primum
607 1426 775 1477 inluxit,
801 1426 1036 1479 praemisso
1063 1424 1213 1465 nunt-io
1236 1424 1288 1465 ad
1316 1424 1536 1465 consulem
1563 1427 1703 1465 castra

140 1485 308 1540 ingenti
341 1485 498 1539 gaudio
532 1485 820 1537 concitantur,
859 1488 901 1525 et
932 1487 1094 1525 tessera
1128 1483 1227 1524 data
1266 1483 1500 1524 incolumes
1533 1483 1703 1536 reverti,

142 1546 214 1599 qui
249 1560 325 1586 sua
358 1559 537 1598 corpora
569 1559 647 1598 pro
675 1544 814 1585 salute
848 1543 1038 1584 omnium
1079 1542 1194 1583 haud
1232 1542 1359 1584 dubio
1401 1542 1591 1596 periculo
1628 1541 1701 1582 ob-

140 1605 358 1658 iecissent,
398 1618 474 1658 pro
509 1618 552 1644 se
586 1604 763 1658 quisque
805 1603 975 1644 obviam
1021 1602 1141 1643 effusi
1180 1601 1375 1655 laudant,
1420 1601 1702 1656 gratulantur,

142 1664 337 1718 singulos
364 1663 670 1717 universosque
699 1665 938 1704 servatores
960 1675 1058 1702 suos
1087 1664 1259 1714 vocant,
1285 1661 1349 1702 dis
1370 1660 1516 1701 laudes
1543 1664 1702 1714 grates-

192 1819 244 1849 12.
254 1814 426 1860 pedibus]
436 1814 688 1859 pleonastisch
700 1814 889 1858 zugesetzt

142 1862 180 1897 in
206 1861 492 1907 Entsprechung
517 1862 584 1896 mit
620 1862 685 1896 der
715 1872 787 1895 von
813 1861 886 1895 Ab·

144 1909 397 1953 stimmungen
441 1908 616 1943 fiblichen
661 1909 801 1943 Phrase
846 1910 887 1943 iu

140 1958 353 1992 senteutiam
365 1958 471 2000 pedib
478 1968 517 1991 us
530 1958 583 1991 ire
592 1956 780 2001 (SallCat.
791 1959 886 1999 50,4.

141 2003 220 2038 Liv.
242 2010 271 2046 5,
293 2008 324 2047 9,
348 2009 384 2045 2,
412 2008 468 2047 27,
489 2008 541 2046 34,
565 2008 610 2048 7).

189 2051 253 2085 36.
280 2056 309 2085 1.
349 2052 567 2095 intermissa]
598 2050 687 2086 ‘'frei
715 2050 887 2095 gelassen

141 2098 242 2132 von’.
294 2097 361 2132 Die
399 2099 530 2132 Worte
568 2109 636 2142 per
679 2098 886 2132 intermissa

142 2146 315 2180 custodiis
348 2146 424 2180 loca
457 2146 566 2189 (statt
591 2156 660 2190 per
695 2146 789 2188 loca,
821 2146 886 2179 ubi

143 2193 325 2227 custodiae
356 2194 580 2227 «intermissae
611 2195 728 2236 erant)
762 2192 885 2226 finden

143 2240 221 2274 sich
248 2240 341 2273 auch
369 2243 424 2281 24,
445 2243 501 2280 35,
522 2244 552 2274 8.

191 2291 222 2321 2.
250 2287 367 2321 media.
399 2287 535 2331 castra]
568 2287 659 2320 iiber
691 2285 750 2320 die
776 2285 885 2320 Mitte

144 2334 207 2369 des
233 2333 372 2379 Lagers
405 2333 555 2376 hinaus,
589 2333 749 2368 welches
776 2333 885 2375 (nach

144 2382 236 2426 Καρ.
259 2386 314 2423 34,
335 2386 370 2423 3)
392 2393 451 2416 am
472 2380 581 2415 Fusse
602 2381 720 2415 dieses
740 2379 882 2424 Hfigels

144 2429 224 2473 lag,
268 2440 342 2462 nun
385 2429 473 2462 aber
509 2440 578 2462 nur
612 2427 783 2462 schwach
822 2427 883 2461 be-

145 2477 238 2511 setzt
286 2488 384 2518 war,
447 2476 493 2510 da
552 2475 610 2509 die
661 2474 796 2508 Feinde
846 2474 884 2508 in

143 2523 335 2558 mehreren
371 2522 620 2567 Abteilungen
658 2522 729 2557 den
763 2521 885 2566 Hfigel

144 2571 338 2615 umgaben.

191 2620 324 2670 offepzso
338 2617 454 2663 scuto]
474 2592 599 2651 indern
616 2628 654 2651 er
669 2616 741 2650 den
755 2615 885 2649 Schild

144 2666 207 2709 (an
233 2664 339 2699 einen
366 2663 618 2709 Gegenstand)
644 2662 808 2698 anstiess.

189 2711 383 2757 excitatus]
420 2711 530 2746 n'aml.
565 2723 607 2745 ea:
638 2721 760 2746 somno
790 2710 880 2755 (vgl.

143 2759 235 2803 Kap.
258 2763 313 2802 12,
333 2762 384 2802 2),
409 2758 587 2803 geweckt.

192 2810 223 2840 3.
233 2807 392 2850 torpidos
403 2807 538 2850 somno]
551 2805 626 2840 ‘die
636 2816 722 2839 vom
733 2804 881 2839 Schlafe

143 2852 386 2896 Betaubten⁷;
416 2853 550 2888 ebenso
578 2856 632 2897 25,
654 2855 710 2895 38,
734 2856 786 2888 17.

998 1812 1221 1858 praepediti]
1238 1829 1282 1840 =
1296 1812 1462 1857 impediti
1475 1811 1585 1856 (auch
1599 1813 1631 1854 8,
1646 1813 1702 1854 38,

962 1862 1005 1893 13
1032 1859 1107 1893 und
1132 1864 1164 1903 9,
1188 1864 1219 1901 6,
1239 1861 1288 1904 4),

1007 1910 1040 1941 4.
1055 1908 1332 1952 trepidationem
1344 1905 1621 1951 tumultumque]
1641 1904 1702 1939 Li-

960 1953 1041 1988 vius
1080 1953 1174 1989 liebt
1212 1954 1272 1988 die
1304 1952 1548 1997 Verbindung
1581 1952 1702 1986 d1eser

960 2001 1049 2035 zwei
1084 2001 1402 2036 allitterierenden
1432 1999 1582 2035 Worter
1613 1999 1701 2044 (vgl.

960 2052 1018 2090 27,
1038 2052 1094 2091 47,
1117 2053 1153 2091 9;
1177 2052 1378 2091 28,14,10;
1398 2051 1455 2091 37,
1469 2051 1525 2091 20,
1542 2048 1613 2091 11),
1638 2057 1701 2080 na.-

959 2096 1138 2130 mentlich
1164 2097 1203 2130 in
1224 2096 1288 2130 der
1313 2096 1422 2130 Form
1447 2095 1640 2129 tumultum
1660 2104 1703 2128 ac

957 2144 1234 2187 trepidationem
1259 2147 1330 2187 (21,
1350 2146 1412 2186 33,
1433 2145 1472 2185 83
1499 2146 1564 2185 22,
1585 2144 1645 2184 55,
1664 2144 1703 2183 6;

959 2194 1166 2234 25,13,10;
1187 2192 1400 2233 28,17,14).

1008 2243 1039 2273 5.
1060 2218 1188 2283 macte]
1214 2217 1418 2281 K³g1.Kap.
1436 2240 1492 2279 10,
1507 2239 1539 2270 4.

1007 2289 1038 2320 6.
1066 2286 1141 2320 luce
1167 2295 1209 2320 ac
1235 2285 1308 2330 die]
1344 2284 1425 2318 ‘das
1457 2281 1701 2327 Tageslicht'‚

959 2333 1040 2367 eine
1060 2331 1304 2375 Verbindung
1329 2332 1461 2366 zweier
1481 2339 1702 2374 synonymer

959 2380 1122 2422 Worter,
1162 2391 1236 2414 von
1271 2379 1438 2413 welchen
1473 2377 1538 2412 das
1571 2376 1702 2412 zweite

958 2428 1038 2462 eine
1101 2436 1286 2472 genauere
1339 2426 1595 2468 Bestimmung
1637 2423 1701 2458 des

959 2476 1077 2509 ersten
1097 2475 1156 2517 ist,
1182 2474 1252 2508 wie
1273 2473 1438 2507 nachher
1455 2473 1640 2507 silentium
1660 2481 1703 2505 ac

957 2532 1031 2556 nox
1070 2522 1178 2565 (statt
1219 2521 1403 2555 silentium
1440 2520 1576 2560 noctis;
1626 2517 1701 2563 vgl.

958 2570 1050 2613 Kap.
1066 2572 1122 2612 39,
1139 2569 1207 2612 14).

1004 2617 1113 2661 teque]
1141 2614 1319 2657 verhfille,
1346 2614 1520 2649 einhfllle.

1003 2667 1033 2697 7.
1060 2667 1192 2698 tessera
1217 2662 1323 2708 data]
1349 2660 1434 2705 Vgl.
1461 2661 1552 2704 Kap.
1570 2662 1625 2702 35,
1644 2663 1675 2693 1.

999 2710 1134 2756 grates]
1171 2709 1231 2744 bei
1268 2708 1392 2744 Livius
1429 2706 1690 2750 Bezeichnung

955 2756 1019 2791 (les
1035 2757 1226 2791 offentlich
1246 2755 1319 2790 und
1340 2754 1508 2789 feierlich
1523 2755 1594 2787 den
1608 2752 1702 2788 Get-

954 2806 1037 2838 tern
1052 2803 1345 2848 dargebrachten
1355 2801 1516 2843 Dankes,
1529 2801 1696 2835 nament-

955 2850 1029 2885 lich
1064 2851 1103 2885 in
1136 2851 1206 2884 den
1244 2848 1414 2884 Formeln
1445 2851 1566 2894 qrates
1597 2857 1701 2892 ayere
