1794 3084
69 124 94 143 a.
116 116 165 143 eh.
185 123 212 141 n.
234 115 384 142 333—331.
602 102 747 138 LIBER
773 102 870 139 VIII.
916 102 1019 138 CAP.
1048 105 1102 137 18.
1583 99 1640 141 45

190 213 297 257 Cum
330 214 540 268 primores
574 212 763 255 civitatis
797 211 1010 254 similibus
1043 211 1205 254 morbis
1239 209 1472 264 eodemque
1505 208 1640 250 ferme
1667 219 1688 248 4

70 287 220 316 01111163
267 275 422 315 eventu
474 274 763 326 morerentur,
814 271 976 313 ancilla
1025 270 1235 325 quaedam
1281 269 1333 311 ad
1376 268 1424 318 Q.
1456 267 1639 309 Fabium

69 333 309 375 Maximum
351 331 534 373 aedilem
573 331 765 373 curulem
809 330 1095 372 indicaturam
1142 343 1186 371 se
1231 342 1405 371 causam
1441 327 1640 383 publicae

70 391 205 447 pestis
232 391 429 446 professa
456 394 533 445 est,
567 391 603 432 si
630 391 683 432 ab
711 404 760 431 eo
793 390 900 431 fides
928 389 1010 431 sibi
1038 389 1140 431 data
1167 390 1281 430 esset
1304 387 1420 429 haud
1446 387 1641 428 futurum

71 451 227 494 noxiae
259 450 476 492 indicium.
532 449 694 492 Fabius
727 448 954 491 confestim
986 463 1076 490 rem
1111 448 1162 489 ad
1195 447 1411 499 consules,
1443 446 1639 488 6011311163
1668 456 1687 486 5

71 511 126 552 ad
172 513 368 552 senatum
412 509 624 562 referunt,
669 523 962 563 consensuque
1005 507 1166 550 ordinis
1209 507 1317 549 fides
1358 506 1489 548 indici
1527 505 1640 548 data.

73 575 169 612 tum
201 569 468 624 patefactum
501 568 701 610 muliebri
732 567 884 609 fraude
917 567 1136 609 civitatem
1168 566 1308 620 premi
1334 567 1642 619 matronasque
1668 575 1687 606 6

73 644 124 671 ea
155 643 320 670 venena
353 642 535 682 coquere
568 630 623 681 et,
657 627 693 669 si
726 626 846 682 sequi
878 626 1093 681 extemplo
1127 625 1276 679 velint,
1307 624 1537 667 manifesto
1571 624 1641 666 de·

73 688 282 743 prehendi
313 701 453 743 posse.
517 687 653 728 secuti
693 687 878 728 indicem
918 688 960 727 et
998 687 1231 740 coquentes
1271 684 1478 739 quasdam
1512 683 1640 724 medi·
1669 693 1688 724 7

74 749 272 790 camenta
298 750 341 788 et
366 745 589 788 recondita
615 746 700 787 alia
732 746 998 787 invenerunt.
1044 745 1199 799 quibus
1231 744 1277 785 in
1308 744 1452 785 forum
1486 743 1640 784 delatis
1669 752 1689 783 8

75 810 118 848 et
150 806 203 848 acl
235 806 392 861 viginti
425 806 655 860 matronis,
688 805 801 860 apud
835 819 941 858 quas
975 803 1241 859 deprehensa
1274 805 1414 857 erant,
1446 816 1522 857 per
1554 801 1642 843 via-

74 869 215 908 torem
250 866 410 920 accitis,
443 865 550 906 duae
584 879 633 906 ex
667 864 746 915 eis,
779 862 978 906 Cornelia
1011 877 1060 905 ac
1093 861 1256 918 Sergia,
1288 861 1494 917 patriciae
1526 863 1642 902 utra-

77 940 158 980 que
191 925 355 980 gentis,
395 939 491 966 cum
530 939 580 965 ea
618 923 934 965 medicamenta
972 922 1163 964 salubria
1195 936 1289 963 esse
1322 920 1643 972 contenderem,

78 985 132 1027 ab
167 984 420 1026 confutante
452 983 592 1024 indice
625 983 773 1024 bibere
805 983 964 1034 iussae,
1004 985 1053 1023 ut
1085 996 1128 1023 se
1161 981 1320 1023 falsum
1353 983 1643 1022 commentam

74 1046 317 1099 arguerent.
363 1043 504 1098 spatio
533 1042 586 1084 ad
619 1042 952 1097 colloquendum
985 1044 1171 1096 sumpto,
1205 1055 1301 1082 cum
1336 1040 1535 1081 submoto
1567 1053 1643 1093 po·
1669 1049 1689 1080 9

73 1104 176 1158 pulo
209 1103 252 1144 in
286 1105 516 1157 conspectu
550 1102 743 1144 omnium
775 1116 865 1143 rem
905 1101 957 1142 ad
997 1104 1162 1142 ceteras
1200 1100 1490 1153 rettulissent,
1527 1098 1644 1140 haud

75 1162 364 1205 abnuentibus
397 1164 440 1203 et
471 1162 556 1202 illis
592 1161 760 1216 bibere,
799 1162 926 1215 epoto
967 1159 1278 1202 medicamento
1319 1161 1487 1200 suamet
1523 1158 1644 1212 ipsae

70 1221 221 1264 fraude
243 1236 391 1263 omnes
412 1221 681 1263 interierunt.
709 1220 1043 1274 comprehensae
1064 1219 1280 1273 extemplo
1302 1233 1449 1260 earum
1464 1218 1643 1259 comites
1673 1226 1716 1258 10

73 1295 283 1336 magnum
327 1295 553 1322 numerum
598 1283 896 1322 matronarum
941 1279 1260 1332 indicaverunt,
1306 1291 1357 1318 ex
1396 1277 1550 1331 quibus
1591 1276 1645 1318 ad

72 1344 244 1383 centum
279 1340 557 1395 septuaginta
589 1339 832 1381 damnatae.
894 1353 1032 1393 neque
1072 1338 1122 1379 de
1160 1337 1380 1379 veneficiis
1420 1338 1518 1378 ante
1551 1350 1644 1377 eam
1674 1345 1715 1375 11

75 1400 189 1442 diem
216 1399 382 1442 Romae
409 1399 651 1453 quaesitum
680 1401 754 1440 est.
794 1397 984 1454 prodigii
1012 1412 1061 1440 ea
1087 1411 1154 1439 res
1180 1397 1276 1439 loco
1308 1395 1461 1437 habita
1487 1395 1646 1449 captis-

77 1474 159 1514 que
191 1458 331 1514 magis
370 1458 589 1500 mentibus
633 1473 761 1513 quam
801 1457 1105 1500 consceleratis
1147 1456 1300 1498 similis
1333 1455 1438 1496 visa.
1500 1454 1645 1510 itaque
1676 1462 1717 1494 12

73 1518 285 1560 memoria
318 1533 368 1560 ex
401 1518 628 1559 annalibus
660 1517 857 1572 repetita,
890 1518 936 1558 in
968 1515 1282 1559 secessionibus
1316 1513 1533 1569 quondam
1560 1514 1646 1568 ple-

74 1658 198 1693 haben
218 1658 367 1702 werde).
394 1657 480 1702 Vgl.
503 1657 587 1692 Tac.
610 1657 705 1691 Ann.
729 1661 760 1700 6,
777 1659 820 1691 22

945 1661 975 1691 9.
1009 1655 1146 1701 omnes]
1190 1654 1318 1690 harter
1352 1652 1530 1688 Wechsel
1581 1653 1646 1688 des

72 1706 305 1751 praedictum
341 1705 503 1740 Neronis
545 1705 738 1749 imperium
782 1705 824 1739 in

898 1702 1098 1747 Subjektes
1149 1702 1365 1747 gegeniibcr
1413 1701 1646 1736 rettulissent.

73 1758 232 1797 tempore
257 1753 526 1795 memorabitur,
564 1763 610 1787 ne
635 1762 735 1786 ‘nunc
762 1752 823 1786 in-

74 1805 175 1846 cepto
202 1800 346 1845 Ionyius
375 1800 537 1834 abierim.

124 1851 157 1883 4.
195 1848 235 1892 Q.
276 1847 453 1892 Fabium]
500 1857 547 1880 sc.
589 1845 824 1881 Rullianum.

75 1895 127 1930 Er
164 1906 240 1929 war
279 1897 348 1929 325
380 1907 414 1929 v.
442 1892 525 1928 Chr.
558 1892 824 1937 Reiteroberst,

76 1942 236 1978 fiinfmal
251 1941 394 1977 Konsul
422 1943 517 1985 (322,
539 1944 619 1983 310,
642 1944 721 1984 308,
743 1944 824 1984 297,

77 1992 173 2033 295),
207 1988 375 2024 zweimal
402 1988 579 2023 Diktator
605 1992 699 2032 (315,
727 1990 826 2032 301),

76 2038 172 2072 auch
199 2040 268 2072 304
296 2036 444 2071 Censor.

125 2084 231 2130 fides]
264 2084 330 2119 das
357 2082 632 2128 Versprechen,
663 2082 723 2117 (116
759 2083 826 2117 Zu-

79 2131 288 2177 sicherung.

126 2179 312 2225 futurum]
341 2190 390 2214 sc.
411 2179 484 2214 sibi
504 2177 584 2222 (der
599 2177 827 2222 Angeberin)

78 2237 159 2263 esse.

127 2274 276 2319 noxiae]
305 2272 494 2316 Schaden,
527 2271 704 2307 Nachteil
737 2271 828 2317 (vgl.

81 2321 152 2367 10,
181 2324 243 2363 19,
270 2325 290 2355 2
335 2321 468 2356 noxiae
505 2321 614 2365 fore),
660 2320 829 2364 dagegen

79 2379 180 2404 ‘noxa
214 2367 392 2412 ‘Schuld,
425 2367 682 2412 Zsichtigung’
719 2367 828 2411 (Kap.

81 2419 140 2460 20,
163 2419 221 2458 10;
251 2418 307 2459 28,
329 2418 375 2460 8).

129 2467 161 2499 6.
189 2463 246 2508 ea]
284 2473 351 2497 aus
388 2463 472 2496 dem
505 2462 831 2506 Zusammenhang

83 2522 129 2545 zu
167 2510 350 2553 erklaren,
390 2520 482 2555 quae
515 2519 627 2544 causa
658 2509 832 2554 publicae

81 2558 198 2604 pestis
223 2561 349 2601 essent,
377 2560 396 2599 ξ
423 2561 456 2592 4.

131 2605 261 2650 velint]
283 2605 383 2640 wohl
403 2603 542 2639 Fabius
562 2603 637 2638 und
659 2602 718 2638 die
733 2602 831 2638 Kon-

86 2652 181 2688 suln.
243 2652 318 2687 Das
356 2651 518 2696 Tempus
563 2650 613 2685 ist
657 2661 723 2685 aus
768 2650 833 2686 der

84 2699 256 2735 direkten
270 2699 371 2735 Rede
387 2698 565 2743 (‘vultis')
579 2697 831 2733 beibehalten.

133 2750 165 2781 8.
193 2747 257 2794 ad]
291 2746 458 2789 Adverb,
493 2763 537 2775 =
563 2746 657 2790 fere;
694 2745 832 2781 ebenso

131 2840 321 2887 viatorem]
361 2840 470 2876 einen
507 2840 729 2876 Amtsboten
768 2840 833 2875 der

85 2887 263 2924 Konsuln.

947 1754 1001 1785 10.
1042 1750 1255 1795 danmatae]
1302 1749 1350 1784 Es
1388 1748 1440 1783 ist
1476 1748 1647 1782 unwahr—

898 1797 1116 1841 scheinlich,
1154 1797 1236 1831 dass
1276 1796 1377 1831 einer
1417 1806 1456 1830 so
1496 1795 1647 1840 grossen

900 1844 992 1880 Zahl
1018 1845 1162 1880 Frauen
1189 1845 1256 1878 das
1283 1842 1539 1879 schreckliche
1555 1843 1645 1877 Ver-

900 1893 1062 1927 brechen
1105 1891 1389 1936 nacbgewiesen
1428 1902 1520 1932 war,
1566 1889 1647 1925 ihre

898 1940 1052 1974 Manner
1087 1939 1264 1984 vergistet
1302 1950 1344 1972 zu
1380 1937 1520 1980 haben3
1560 1948 1647 1972 man

899 1986 1118 2022 verurteilte
1160 1986 1212 2021 sie
1251 1986 1352 2020 wohl
1383 1984 1479 2020 bloss
1518 1995 1647 2030 wegen

902 2034 1155 2078 Zubereitung
1207 2044 1280 2068 von
1330 2031 1644 2067 Zaubertranken.

900 2081 1101 2116 Immerhin
1148 2091 1223 2115 war
1273 2079 1475 2126 jedenfalls
1521 2079 1649 2114 Grund

901 2140 1027 2174 genug
1060 2129 1153 2164 dazu
1185 2128 1414 2170 vorhanden,
1454 2126 1535 2161 dass
1562 2138 1649 2161 man

903 2177 962 2212 ein
989 2175 1121 2211 Gesetz
1158 2176 1250 2211 iiber
1282 2173 1563 2210 Giftmischerei
1593 2186 1647 2210 er-

901 2223 985 2259 liess
1011 2224 1120 2270 (nach
1147 2224 1214 2258 der
1239 2223 1319 2258 Per.
1346 2222 1427 2257 Liv.
1456 2221 1565 2266 VIII).

951 2275 1006 2307 11.
1032 2271 1123 2317 loco]
1153 2270 1223 2305 mit
1243 2271 1346 2315 Gen.,
1368 2269 1467 2313 ‘wie,
1494 2269 1648 2314 gleich'.

950 2319 1067 2363 captis
1081 2318 1276 2362 mentibus]
1292 2318 1394 2352 einer
1406 2317 1650 2361 Verwirrung

903 2366 969 2401 der
990 2367 1178 2401 Gemiiter.
1195 2386 1238 2391 —
1255 2364 1468 2401 Thatsache
1484 2375 1561 2398 war
1582 2363 1649 2398 das

903 2412 1180 2448 unerklarliche
1196 2412 1424 2447 Hinsterben
1438 2410 1554 2447 vieler
1569 2422 1648 2446 vor-

903 2461 1057 2496 nehmer
1094 2461 1259 2496 Manner.
1323 2460 1425 2494 Dazu
1463 2460 1550 2493 kam
1589 2457 1650 2493 die

904 2507 1333 2551 Wahrscheinlichkeit,
1372 2506 1452 2541 dass
1489 2507 1541 2541 sie
1577 2516 1651 2540 von

906 2555 978 2591 den
992 2555 1136 2590 Frauen
1150 2554 1330 2599 vergiftet
1343 2554 1492 2589 worden
1514 2564 1650 2588 waren.

905 2603 994 2637 Man
1014 2602 1155 2638 konnte
1170 2602 1249 2636 sich
1270 2601 1360 2636 aber
1372 2600 1508 2636 keinen
1523 2599 1652 2634 Grund

907 2651 1070 2693 denken‚
1114 2649 1276 2684 welchcr
1319 2648 1380 2683 die
1419 2647 1564 2682 Frauen
1608 2658 1652 2681 zu

907 2698 1046 2732 diesem
1064 2697 1301 2732 Verbrechen
1323 2695 1517 2741 getrieben
1543 2693 1650 2729 habe.

906 2744 993 2780 Man
1033 2743 1171 2779 meinte
1212 2743 1309 2786 also,
1348 2743 1400 2778 sie
1439 2742 1539 2776 seicn
1579 2751 1651 2776 von

906 2790 1117 2826 Wahnsinn
1142 2790 1317 2833 befallen‚
1344 2789 1419 2824 und
1446 2800 1531 2823 man
1550 2789 1652 2832 legte

906 2839 1025 2874 dieser
1058 2838 1258 2873 seltsamen
1284 2836 1544 2881 Erseheinung
1569 2834 1651 2871 eine

906 2886 996 2922 bose
1023 2885 1315 2929 Vorbedeutung
1341 2884 1412 2919 bei.
