1794 3084
102 118 128 138 n.
149 111 215 138 Chr.
235 119 263 137 n.
290 111 350 137 390.

655 101 799 136 LIBER
824 102 866 136 V.
918 100 1020 137 CAP.
1048 104 1104 137 38.
1612 101 1663 142 71

104 224 235 264 eaque
262 223 330 251 res
356 212 404 250 ut
430 209 603 251 initium
627 210 801 264 pavoris
828 224 877 251 ac
903 210 1044 264 fugae,
1070 210 1131 251 sic
1158 223 1243 251 una
1264 208 1379 251 salus
1400 208 1666 264 fugientibus

101 269 197 311 fuit.
257 282 359 310 nam
395 268 608 323 Brennus,
647 269 821 325 regulus
854 268 1096 322 Gallorum,
1134 269 1179 309 in
1218 267 1433 323 paucitate
1473 267 1666 309 hostium
1693 279 1713 309 3

102 330 239 370 artem
272 327 457 369 maxime
489 329 658 382 timens,
690 330 810 369 ratus
843 327 896 369 ad
929 328 971 369 id
1004 330 1179 382 captum
1213 327 1478 381 superiorem
1511 327 1667 380 locum,

101 389 160 440 ut,
195 386 269 428 ubi
302 386 418 428 Galli
451 401 546 428 cum
580 387 669 428 acie
702 387 924 442 legionum
956 389 1074 428 recta
1106 386 1248 428 fronte
1282 385 1667 440 concucurrissent,

101 445 296 487 subsidia
326 445 370 486 in
403 460 578 488 aversos
610 450 966 500 transversosque
998 446 1206 499 impetum
1239 445 1410 499 darent,
1444 444 1495 486 ad
1529 444 1666 486 subsi-

101 504 260 546 diarios
300 504 424 559 signa
462 505 693 558 convertit,
738 505 772 545 si
814 519 887 546 eos
926 505 1021 546 loco
1060 504 1310 558 depulisset,
1353 504 1471 545 haud
1511 503 1665 545 dubius
1692 514 1714 545 4

100 563 271 605 facilem
298 564 344 605 in
370 577 504 617 aequo
532 564 673 618 campi
700 566 873 604 tantum
900 564 1122 618 superanti
1144 563 1419 605 multitudine
1442 563 1666 605 victoriam

99 622 210 678 fore3
249 623 353 664 adeo
392 637 478 664 non
516 622 692 664 fortuna
731 622 877 674 modo,
917 622 990 663 sed
1029 623 1140 664 ratio
1175 622 1307 664 etiam
1340 637 1435 664 cum
1468 621 1665 664 barbaris

100 681 257 723 stabat.
307 682 353 723 in
403 682 540 722 altera
573 681 662 723 acie
694 681 803 722 nihil
835 681 977 722 simile
1009 681 1231 735 Romanis,
1262 696 1349 723 non
1382 681 1495 736 apud
1527 681 1667 735 duces,
1693 692 1714 723 5

98 755 185 782 non
219 740 330 795 apud
364 740 538 794 milites,
571 743 676 783 erat.
726 755 862 795 pavor
892 741 1082 795 fugaque
1115 746 1401 795 occupaverat
1428 741 1596 782 animos
1624 744 1667 782 et

97 802 224 841 tanta
256 799 446 841 omnium
481 800 657 854 oblivio,
689 805 737 841 ut
769 800 905 841 multo
936 801 1074 841 maior
1100 814 1198 854 pars
1227 799 1370 854 Veios,
1402 800 1446 841 in
1472 799 1663 842 hostium

97 859 265 913 urbem,
310 873 406 900 cum
445 858 612 900 Tiberis
653 862 834 913 arceret,
876 873 1004 914 quam
1042 862 1157 901 recto
1197 859 1350 900 itinere
1388 858 1573 900 Romam
1611 858 1665 900 ad

99 918 304 973 coniuges
348 932 396 959 ac
436 918 597 960 liberos
637 918 846 973 fugerent.

908 932 1137 972 parumper
1177 918 1458 960 subsidiarios
1496 920 1664 960 tutatus
1691 928 1711 960 6

97 979 164 1018 est
194 977 332 1030 locus,
366 977 412 1018 in
438 977 604 1032 reliqua
631 978 733 1031 acie,
767 977 894 1019 simul
922 980 986 1019 est
1012 978 1178 1019 clamor
1204 977 1411 1032 proximis
1440 978 1493 1019 ab
1519 977 1665 1030 latere,

96 1036 260 1078 ultimis
294 1037 347 1077 ab
379 1039 504 1091 tergo
538 1036 725 1090 auditus,
767 1037 964 1091 ignotum
998 1036 1166 1078 hostem
1200 1037 1319 1090 prius
1352 1051 1502 1091 paene,
1536 1051 1664 1091 quam

97 1095 311 1150 viderent,
348 1109 434 1137 non
470 1096 596 1137 modo
628 1110 716 1137 non
749 1098 963 1149 temptato
996 1096 1247 1149 certamine,
1286 1096 1358 1137 sed
1391 1110 1443 1136 ne
1476 1096 1663 1138 clamore

97 1154 268 1208 quidem
307 1154 494 1207 reddito,
533 1155 691 1210 integri
729 1155 963 1209 intactique
1001 1155 1219 1209 fugerunt.

1280 1169 1357 1196 nec
1390 1155 1480 1195 ulla
1512 1155 1662 1196 caedes
1690 1166 1709 1196 7

95 1214 384 1267 pugnantium
428 1213 528 1267 fuit,
573 1218 699 1269 terga
738 1228 862 1255 caesa
902 1218 1071 1255 suomet
1110 1215 1304 1268 ipsorum
1344 1214 1578 1255 certamine
1618 1214 1663 1254 in

95 1273 224 1314 turba
261 1273 586 1326 impedientium
624 1272 785 1329 fugam.

854 1273 966 1314 circa
1002 1273 1142 1326 ripam
1181 1272 1370 1327 Tiberis,
1408 1287 1491 1327 quo
1534 1273 1664 1314 armis
1691 1284 1711 1315 8

96 1331 273 1373 abiectis
311 1334 453 1373 totum
492 1332 714 1373 sinistrum
754 1347 885 1374 cornu
923 1332 1109 1387 defugit,
1147 1346 1307 1386 magna
1347 1334 1514 1387 strages
1547 1332 1664 1374 facta

95 1393 176 1444 est,
220 1391 466 1446 multosque
503 1391 730 1446 imperitos
769 1391 901 1433 nandi
940 1394 1015 1433 aut
1052 1391 1284 1445 invalidos,
1324 1404 1477 1446 graves
1516 1391 1662 1433 loricis

37 1445 40 1447 ’
95 1449 275 1505 aliisque
319 1451 603 1504 tegminibus,
647 1450 827 1492 hausere
873 1451 1080 1506 gurgites.

1148 1451 1337 1492 maxima
1375 1453 1521 1491 tamen
1560 1465 1661 1505 pars
1689 1463 1709 1493 9

93 1508 323 1551 incolumis
355 1508 487 1552 Veios
520 1509 728 1565 perfugit,
761 1510 871 1551 unde
904 1524 991 1551 non
1023 1509 1150 1551 modo
1184 1509 1388 1565 praesidii
1422 1510 1663 1564 quicquam,

141 1677 172 1708 3.
188 1673 349 1720 requlus]
365 1674 375 1690 ‘
385 1672 594 1718 Hauptling
604 1673 628 1716 ’;
643 1673 749 1708 nicht
761 1685 839 1717 rex,

93 1721 244 1756 obwohl
263 1720 430 1755 Brennus
456 1720 519 1755 ein
544 1721 752 1766 machtiger
772 1721 839 1756 Ge-

93 1766 213 1803 bieter
232 1767 293 1811 ist,
313 1768 399 1803 weil
413 1767 540 1802 Livius
561 1768 621 1803 die
637 1768 840 1803 Bar-baren-

92 1815 237 1850 fi‘irsten
281 1815 335 1850 als
378 1816 496 1861 reguli
533 1826 577 1849 zu
615 1816 840 1850 bezeichnen

120 1862 166 1898 fle
194 1866 220 1897 t.

93 1874 118 1908 p
139 1875 237 1945 reffita
262 1909 396 1955 fronte]
423 1910 539 1945 Front
564 1921 685 1955 gegen
713 1910 838 1953 Front,

91 1957 143 1992 im
188 1955 396 2002 Gcgensatz
446 1969 527 1991 zum
572 1956 723 2002 Angriff
765 1968 840 1992 von

91 2004 222 2039 hinten
247 2017 282 2040 u.
309 2015 380 2039 von
407 2004 473 2039 der
500 2004 611 2039 Seite.

139 2053 286 2099 darent]
309 2052 376 2087 Die
398 2052 539 2086 Phrase
558 2053 730 2096 impetum
750 2053 839 2087 dare

91 2099 186 2134 statt
209 2101 381 2144 impetum
405 2100 524 2142 facere
543 2099 659 2134 findet
679 2099 758 2134 sich
778 2111 837 2134 zu-

91 2146 226 2182 weilen
245 2147 284 2182 in
304 2147 376 2182 den
396 2146 571 2181 friiheren
586 2146 757 2181 Biichern
772 2146 836 2182 des

91 2193 409 2239 Idvius(2‚19‚7
431 2194 507 2229 und
527 2197 643 2237 51‚4;
672 2198 837 2237 3‚5,10;

91 2244 262 2285 4‚28‚1;
289 2243 494 2285 9‚43‚15y

137 2294 169 2323 4.
195 2290 296 2324 haud
322 2289 472 2335 dubius]
500 2289 570 2324 mit
589 2289 675 2324 Acc.
698 2300 728 2324 c.
750 2288 835 2331 Inf.;

90 2336 165 2381 vgl.
191 2336 283 2382 Kap.
312 2340 344 2380 3,
366 2341 398 2371 4.

137 2385 343 2430 superanti]
357 2383 632 2419 nichtAblativ.
648 2383 733 2428 Vgl.
743 2383 835 2428 Kap.

138 2483 169 2513 5.
197 2479 330 2525 altera]
352 2496 396 2507 =
417 2478 680 2514 Romanorum.

136 2526 314 2571 omnium]
332 2525 523 2561 Neutrum.
546 2525 735 2571 Vg1.Kap.
750 2529 806 2569 33,
818 2529 834 2560 1

88 2573 340 2609 humanorum.

136 2621 293 2656 hostium
335 2621 476 2667 urbem]
527 2619 834 2655 fibertreibencler

89 2668 298 2712 Ausdruck,
325 2669 373 2703 da
399 2668 458 2703 die
486 2667 596 2703 Stadt
621 2668 698 2702 leer
723 2668 834 2702 stand

90 2715 179 2760 (vgl.
206 2715 299 2760 Kap.
326 2719 384 2759 22,
407 2717 441 2759 1)
471 2716 547 2750 und
575 2716 647 2751 den
673 2714 834 2751 Romern

89 2764 255 2807 gehorte.

137 2813 169 2844 6.
179 2809 398 2856 parumper]
413 2809 519 2845 Nach
528 2809 681 2845 kurzem
690 2810 835 2845 Wider-

90 2857 200 2892 stand
225 2856 362 2892 weicht
387 2857 446 2892 die
473 2857 541 2892 auf
562 2858 682 2892 einem
708 2857 832 2902 Hfigel

913 1674 947 1719 (ἓ
973 1675 1009 1717 2)
1043 1673 1282 1718 aufgestellte
1314 1672 1476 1708 Reserve
1510 1672 1662 1717 zurfick,

912 1732 946 1757 u.
974 1720 1034 1755 die
1057 1721 1198 1756 Gallier
1224 1721 1363 1756 suchen
1391 1720 1451 1755 die
1475 1720 1661 1756 romische

914 1767 1268 1812 Schlachtordnung
1294 1779 1338 1802 zu
1364 1768 1562 1813 umgehen.

954 1815 1154 1861 proximis]
1176 1815 1304 1849 Livius
1331 1815 1538 1859 gebraucht
1564 1815 1661 1850 nach

912 1863 982 1897 Art
1007 1863 1073 1897 der
1099 1863 1254 1898 Dichter
1279 1874 1313 1898 u.
1341 1862 1405 1897 des
1433 1861 1575 1897 Sallust
1601 1862 1661 1898 bei

914 1910 984 1945 den
1010 1911 1080 1945 mit
1100 1911 1183 1945 dem
1205 1910 1305 1944 Part.
1325 1909 1422 1944 Pers.
1444 1910 1661 1954 gebildeten

913 1958 1072 1992 Formen
1092 1958 1156 1992 des
1177 1957 1324 1992 Passivs
1345 1957 1441 1992 ofter
1461 1957 1516 1991 als
1533 1957 1661 1992 Cicero

913 2007 1005 2040 statt
1037 2004 1100 2040 des
1133 2004 1216 2040 Abl.
1251 2004 1322 2039 mit
1353 2005 1398 2038 ab
1432 2004 1504 2038 den
1530 2004 1659 2039 Dativ:

912 2055 944 2094 8,
962 2056 994 2095 6,
1009 2057 1030 2087 4
1056 2057 1097 2087 ut
1111 2053 1250 2097 populo
1268 2053 1507 2096 patribusque
1527 2053 1661 2088 audita

912 2110 982 2135 vox
1001 2101 1147 2145 pariter
1165 2101 1223 2134 sit.
1252 2100 1338 2134 Hor.
1360 2110 1471 2134 carm.
1495 2104 1524 2143 1,
1540 2103 1598 2143 24,
1617 2103 1660 2134 14

912 2148 1080 2182 auditam
1106 2148 1300 2183 arboribus
1318 2147 1444 2190 salem,-
1470 2151 1502 2190 2,
1527 2151 1557 2190 1,
1579 2151 1634 2182 31.

959 2195 1114 2241 ultimis]
1161 2195 1193 2228 d.
1235 2196 1267 2229 h.
1312 2204 1386 2228 von
1424 2194 1660 2240 denjenigen‚

911 2241 1053 2277 welche
1068 2243 1152 2277 dem
1168 2242 1280 2277 Tiber
1293 2241 1473 2277 zuniichst
1488 2242 1659 2285 standen,

912 2301 997 2324 vom
1024 2290 1153 2325 linken
1179 2289 1323 2335 Flfigel.

959 2341 992 2372 8.
1018 2338 1162 2383 yraves]
1185 2338 1240 2372 oft
1260 2336 1329 2371 mit
1348 2336 1535 2381 passivem
1558 2336 1658 2379 Sinn,

913 2384 923 2400 ⁶
936 2384 1143 2419 beschwert
1154 2385 1178 2428 ’,
1193 2385 1261 2419 auf
1271 2385 1403 2419 multos
1414 2396 1458 2418 zu
1469 2383 1659 2419 beziehen.

958 2433 1192 2479 teyminibus]
1210 2432 1320 2466 Diese
1330 2432 1438 2466 Form
1453 2430 1571 2466 findet
1579 2429 1659 2466 sich

911 2480 1007 2513 auch
1044 2483 1101 2522 21,
1129 2483 1185 2522 58,
1212 2484 1245 2514 8.
1301 2479 1376 2513 Dei·
1413 2478 1522 2514 Nom.
1557 2477 1659 2523 Sing.

909 2525 1024 2561 heisst
1056 2531 1217 2571 teyumen
1250 2528 1297 2572 (1,
1326 2530 1381 2568 20,
1409 2529 1447 2568 4;
1474 2529 1507 2568 4,
1535 2529 1593 2569 39,
1620 2530 1658 2567 3;

909 2575 1114 2616 36‚32,6y

956 2625 987 2655 9.
1014 2622 1177 2656 maxima
1195 2621 1303 2667 pars]
1331 2618 1497 2655 numlich
1524 2629 1658 2654 cornus

906 2668 1062 2703 sinistri.
1112 2668 1161 2702 Es
1187 2679 1263 2702 war
1290 2668 1377 2702 kein
1403 2666 1656 2701 Konsulartri-

908 2714 983 2749 bun
1009 2714 1118 2749 dabei
1147 2714 1251 2760 (Kap.
1279 2719 1335 2758 45,
1357 2715 1403 2759 7).

955 2773 1030 2797 non
1042 2763 1161 2807 modo]
1185 2762 1282 2797 ohne
1298 2763 1446 2797 zweites
1463 2771 1548 2803 non,
1568 2760 1658 2796 weil

909 2808 1018 2844 beide
1035 2809 1186 2845 Glieder
1206 2809 1265 2844 ein
1287 2809 1573 2852 gemeinsames,
1595 2819 1658 2842 am

908 2855 1012 2892 Ende
1049 2856 1245 2892 stehendes
1279 2856 1378 2892 Verb
1411 2855 1550 2898 haben3
1590 2856 1656 2890 da-
