<?xml version="1.0" encoding="UTF-8"?>
<!DOCTYPE html PUBLIC "-//W3C//DTD XHTML 1.0 Transitional//EN"
    "http://www.w3.org/TR/xhtml1/DTD/xhtml1-transitional.dtd">
<html xmlns="http://www.w3.org/1999/xhtml" xml:lang="en" lang="en">
 <head>
  <title>
</title>
<meta http-equiv="Content-Type" content="text/html;charset=utf-8" />
  <meta name='ocr-system' content='tesseract 3.04.00' />
  <meta name='ocr-capabilities' content='ocr_page ocr_carea ocr_par ocr_line ocrx_word'/>
</head>
<body>
  <div class='ocr_page' id='page_1' title='image "./aburbeconditali00livyuoft_0106.png"; bbox 0 0 1794 3084; ppageno 0'>
   <div class='ocr_carea' id='block_1_1' title="bbox 103 643 156 684">
    <p class='ocr_par' dir='ltr' id='par_1_1' title="bbox 103 643 156 684">
     <span class='ocr_line' id='line_1_1' title="bbox 103 643 156 684; baseline 0 0"><span class='ocrx_word' id='word_1_1' title='bbox 103 643 156 684; x_wconf 79' lang='lat'>53</span> 
     </span>
    </p>
   </div>
   <div class='ocr_carea' id='block_1_2' title="bbox 167 118 892 163">
    <p class='ocr_par' dir='ltr' id='par_1_2' title="bbox 167 118 892 163">
     <span class='ocr_line' id='line_1_2' title="bbox 167 118 892 163; baseline -0.017 0"><span class='ocrx_word' id='word_1_2' title='bbox 167 121 222 163; x_wconf 84' lang='grc'>96</span> <span class='ocrx_word' id='word_1_3' title='bbox 681 118 823 153; x_wconf 73' lang='lat' dir='ltr'>LIBER,</span> <span class='ocrx_word' id='word_1_4' title='bbox 849 118 892 152; x_wconf 76' lang='lat' dir='ltr'>V.</span> 
     </span>
    </p>
   </div>
   <div class='ocr_carea' id='block_1_3' title="bbox 937 116 1203 152">
    <p class='ocr_par' dir='ltr' id='par_1_3' title="bbox 937 116 1203 152">
     <span class='ocr_line' id='line_1_3' title="bbox 937 116 1203 152; baseline -0.004 0"><span class='ocrx_word' id='word_1_5' title='bbox 937 116 1039 152; x_wconf 81' lang='lat' dir='ltr'>CAP.</span> <span class='ocrx_word' id='word_1_6' title='bbox 1067 121 1122 151; x_wconf 79' lang='lat'>52.</span> <span class='ocrx_word' id='word_1_7' title='bbox 1149 121 1203 151; x_wconf 86' lang='lat'>53.</span> 
     </span>
    </p>
   </div>
   <div class='ocr_carea' id='block_1_4' title="bbox 1511 126 1709 152">
    <p class='ocr_par' dir='ltr' id='par_1_4' title="bbox 1511 126 1709 152">
     <span class='ocr_line' id='line_1_4' title="bbox 1511 126 1709 152; baseline 0.01 -2"><span class='ocrx_word' id='word_1_8' title='bbox 1511 132 1537 150; x_wconf 85' lang='lat' dir='ltr'>a.</span> <span class='ocrx_word' id='word_1_9' title='bbox 1557 133 1584 151; x_wconf 90' lang='lat' dir='ltr'>u.</span> <span class='ocrx_word' id='word_1_10' title='bbox 1604 132 1628 151; x_wconf 82' lang='grc' dir='ltr'>ο.</span> <span class='ocrx_word' id='word_1_11' title='bbox 1647 126 1709 152; x_wconf 81' lang='grc'><strong>364.</strong></span> 
     </span>
    </p>
   </div>
   <div class='ocr_carea' id='block_1_5' title="bbox 286 224 1713 281">
    <p class='ocr_par' dir='ltr' id='par_1_5' title="bbox 286 224 1713 281">
     <span class='ocr_line' id='line_1_5' title="bbox 286 224 1713 281; baseline -0.004 -11"><span class='ocrx_word' id='word_1_12' title='bbox 286 229 425 278; x_wconf 74' lang='lat' dir='ltr'>Quid?</span> <span class='ocrx_word' id='word_1_13' title='bbox 475 228 576 281; x_wconf 87' lang='lat' dir='ltr'>alia,</span> <span class='ocrx_word' id='word_1_14' title='bbox 625 241 732 281; x_wconf 87' lang='lat' dir='ltr'>quae</span> <span class='ocrx_word' id='word_1_15' title='bbox 778 226 997 280; x_wconf 87' lang='lat' dir='ltr'>auspicato</span> <span class='ocrx_word' id='word_1_16' title='bbox 1041 225 1227 280; x_wconf 78' lang='lat' dir='ltr'>agimus,</span> <span class='ocrx_word' id='word_1_17' title='bbox 1283 224 1426 266; x_wconf 88' lang='lat' dir='ltr'>omnia</span> <span class='ocrx_word' id='word_1_18' title='bbox 1467 224 1555 266; x_wconf 86' lang='lat' dir='ltr'>fere</span> <span class='ocrx_word' id='word_1_19' title='bbox 1600 225 1713 266; x_wconf 88' lang='lat' dir='ltr'>intra</span> 
     </span>
    </p>
   </div>
   <div class='ocr_carea' id='block_1_6' title="bbox 64 283 1714 346">
    <p class='ocr_par' dir='ltr' id='par_1_6' title="bbox 64 283 1714 346">
     <span class='ocr_line' id='line_1_6' title="bbox 64 283 1714 346; baseline -0.004 -16"><span class='ocrx_word' id='word_1_20' title='bbox 64 342 68 346; x_wconf 27' lang='grc' dir='ltr'>ι</span> <span class='ocrx_word' id='word_1_21' title='bbox 99 301 142 330; x_wconf 72' lang='lat' dir='ltr'>lo</span> <span class='ocrx_word' id='word_1_22' title='bbox 169 289 418 344; x_wconf 88' lang='lat' dir='ltr'>pomerium,</span> <span class='ocrx_word' id='word_1_23' title='bbox 451 288 518 328; x_wconf 88' lang='lat' dir='ltr'>cui</span> <span class='ocrx_word' id='word_1_24' title='bbox 551 285 756 328; x_wconf 88' lang='lat' dir='ltr'>oblivioni</span> <span class='ocrx_word' id='word_1_25' title='bbox 789 289 862 326; x_wconf 82' lang='lat' dir='ltr'>aut</span> <span class='ocrx_word' id='word_1_26' title='bbox 895 285 960 325; x_wconf 89' lang='lat' dir='ltr'>cui</span> <span class='ocrx_word' id='word_1_27' title='bbox 991 284 1289 339; x_wconf 71' lang='lat' dir='ltr'>neglegentiae</span> <span class='ocrx_word' id='word_1_28' title='bbox 1322 283 1499 325; x_wconf 78' lang='lat' dir='ltr'>damus?</span> <span class='ocrx_word' id='word_1_29' title='bbox 1540 283 1714 325; x_wconf 87' lang='lat' dir='ltr'>comitia</span> 
     </span>
    </p>
   </div>
   <div class='ocr_carea' id='block_1_7' title="bbox 167 342 1714 456">
    <p class='ocr_par' dir='ltr' id='par_1_7' title="bbox 167 342 1714 456">
     <span class='ocr_line' id='line_1_7' title="bbox 167 342 1714 401; baseline -0.005 -11"><span class='ocrx_word' id='word_1_30' title='bbox 167 348 342 400; x_wconf 84' lang='lat' dir='ltr'>curiata,</span> <span class='ocrx_word' id='word_1_31' title='bbox 375 361 482 401; x_wconf 87' lang='lat' dir='ltr'>quae</span> <span class='ocrx_word' id='word_1_32' title='bbox 509 360 597 386; x_wconf 85' lang='lat' dir='ltr'>rem</span> <span class='ocrx_word' id='word_1_33' title='bbox 628 344 857 385; x_wconf 81' lang='lat' dir='ltr'>militarem</span> <span class='ocrx_word' id='word_1_34' title='bbox 885 343 1116 395; x_wconf 73' lang='lat' dir='ltr'>continent,</span> <span class='ocrx_word' id='word_1_35' title='bbox 1148 342 1322 384; x_wconf 82' lang='lat' dir='ltr'>comitia</span> <span class='ocrx_word' id='word_1_36' title='bbox 1347 342 1596 395; x_wconf 77' lang='lat' dir='ltr'>centuriata,</span> <span class='ocrx_word' id='word_1_37' title='bbox 1625 342 1714 397; x_wconf 91' lang='lat' dir='ltr'>qui-</span> 
     </span>
     <span class='ocr_line' id='line_1_8' title="bbox 167 401 1714 456; baseline -0.004 -8"><span class='ocrx_word' id='word_1_38' title='bbox 167 408 247 448; x_wconf 90' lang='lat' dir='ltr'>bus</span> <span class='ocrx_word' id='word_1_39' title='bbox 281 405 475 447; x_wconf 86' lang='lat' dir='ltr'>consules</span> <span class='ocrx_word' id='word_1_40' title='bbox 507 404 787 456; x_wconf 77' lang='lat' dir='ltr'>tribunosque</span> <span class='ocrx_word' id='word_1_41' title='bbox 821 402 1027 443; x_wconf 87' lang='lat' dir='ltr'>militares</span> <span class='ocrx_word' id='word_1_42' title='bbox 1060 402 1227 451; x_wconf 82' lang='lat' dir='ltr'>creatis,</span> <span class='ocrx_word' id='word_1_43' title='bbox 1259 401 1334 442; x_wconf 89' lang='lat' dir='ltr'>ubi</span> <span class='ocrx_word' id='word_1_44' title='bbox 1366 401 1599 456; x_wconf 86' lang='lat' dir='ltr'>auspicato,</span> <span class='ocrx_word' id='word_1_45' title='bbox 1629 401 1714 443; x_wconf 90' lang='lat' dir='ltr'>nisi</span> 
     </span>
    </p>
   </div>
   <div class='ocr_carea' id='block_1_8' title="bbox 101 459 1714 517">
    <p class='ocr_par' dir='ltr' id='par_1_8' title="bbox 101 459 1714 517">
     <span class='ocr_line' id='line_1_9' title="bbox 101 459 1714 517; baseline -0.004 -9"><span class='ocrx_word' id='word_1_46' title='bbox 101 477 141 508; x_wconf 81' lang='lat'>17</span> <span class='ocrx_word' id='word_1_47' title='bbox 169 466 243 507; x_wconf 92' lang='lat' dir='ltr'>ubi</span> <span class='ocrx_word' id='word_1_48' title='bbox 282 464 494 517; x_wconf 84' lang='lat' dir='ltr'>adsolent,</span> <span class='ocrx_word' id='word_1_49' title='bbox 530 463 622 503; x_wconf 89' lang='lat' dir='ltr'>fieri</span> <span class='ocrx_word' id='word_1_50' title='bbox 661 461 868 516; x_wconf 79' lang='lat' dir='ltr'>possunt?</span> <span class='ocrx_word' id='word_1_51' title='bbox 932 460 1118 502; x_wconf 85' lang='lat' dir='ltr'>Veiosne</span> <span class='ocrx_word' id='word_1_52' title='bbox 1154 461 1260 502; x_wconf 87' lang='lat' dir='ltr'>haec</span> <span class='ocrx_word' id='word_1_53' title='bbox 1291 459 1626 501; x_wconf 81' lang='lat' dir='ltr'>transferemus?</span> <span class='ocrx_word' id='word_1_54' title='bbox 1660 474 1714 501; x_wconf 88' lang='lat' dir='ltr'>an</span> 
     </span>
    </p>
   </div>
   <div class='ocr_carea' id='block_1_9' title="bbox 119 518 1717 1050">
    <p class='ocr_par' dir='ltr' id='par_1_9' title="bbox 169 518 1715 636">
     <span class='ocr_line' id='line_1_10' title="bbox 169 518 1715 576; baseline -0.004 -11"><span class='ocrx_word' id='word_1_55' title='bbox 169 524 438 566; x_wconf 85' lang='lat' dir='ltr'>comitiorum</span> <span class='ocrx_word' id='word_1_56' title='bbox 472 537 599 563; x_wconf 84' lang='lat' dir='ltr'>causa</span> <span class='ocrx_word' id='word_1_57' title='bbox 630 521 814 576; x_wconf 86' lang='lat' dir='ltr'>populus</span> <span class='ocrx_word' id='word_1_58' title='bbox 847 523 966 561; x_wconf 81' lang='lat' dir='ltr'>tanto</span> <span class='ocrx_word' id='word_1_59' title='bbox 999 519 1270 561; x_wconf 88' lang='lat' dir='ltr'>incommodo</span> <span class='ocrx_word' id='word_1_60' title='bbox 1297 519 1341 559; x_wconf 88' lang='lat' dir='ltr'>in</span> <span class='ocrx_word' id='word_1_61' title='bbox 1368 519 1579 560; x_wconf 87' lang='lat' dir='ltr'>desertam</span> <span class='ocrx_word' id='word_1_62' title='bbox 1603 518 1715 560; x_wconf 89' lang='lat' dir='ltr'>hanc</span> 
     </span>
     <span class='ocr_line' id='line_1_11' title="bbox 169 578 1141 636; baseline -0.005 -12"><span class='ocrx_word' id='word_1_63' title='bbox 169 584 221 625; x_wconf 92' lang='lat' dir='ltr'>ab</span> <span class='ocrx_word' id='word_1_64' title='bbox 250 583 313 623; x_wconf 83' lang='lat' dir='ltr'>dis</span> <span class='ocrx_word' id='word_1_65' title='bbox 345 581 677 636; x_wconf 83' lang='lat' dir='ltr'>hominibusque</span> <span class='ocrx_word' id='word_1_66' title='bbox 708 580 856 621; x_wconf 86' lang='lat' dir='ltr'>urbem</span> <span class='ocrx_word' id='word_1_67' title='bbox 891 578 1141 621; x_wconf 81' lang='lat' dir='ltr'>conveniet?</span> 
     </span>
    </p>

    <p class='ocr_par' dir='ltr' id='par_1_10' title="bbox 119 636 1717 1050">
     <span class='ocr_line' id='line_1_12' title="bbox 291 636 1715 694; baseline -0.004 -12"><span class='ocrx_word' id='word_1_68' title='bbox 291 641 372 682; x_wconf 71' lang='lat' dir='ltr'>‘At</span> <span class='ocrx_word' id='word_1_69' title='bbox 414 641 526 682; x_wconf 87' lang='lat' dir='ltr'>enim</span> <span class='ocrx_word' id='word_1_70' title='bbox 560 644 739 694; x_wconf 84' lang='lat' dir='ltr'>apparet</span> <span class='ocrx_word' id='word_1_71' title='bbox 771 639 940 693; x_wconf 87' lang='lat' dir='ltr'>quidem</span> <span class='ocrx_word' id='word_1_72' title='bbox 963 638 1099 692; x_wconf 72' lang='lat' dir='ltr'>pollui</span> <span class='ocrx_word' id='word_1_73' title='bbox 1129 637 1266 679; x_wconf 82' lang='lat' dir='ltr'>omnia</span> <span class='ocrx_word' id='word_1_74' title='bbox 1297 651 1374 678; x_wconf 87' lang='lat' dir='ltr'>nee</span> <span class='ocrx_word' id='word_1_75' title='bbox 1405 636 1503 678; x_wconf 87' lang='lat' dir='ltr'>ullis</span> <span class='ocrx_word' id='word_1_76' title='bbox 1535 636 1715 691; x_wconf 84' lang='lat' dir='ltr'>piaculis</span> 
     </span>
     <span class='ocr_line' id='line_1_13' title="bbox 169 695 1715 755; baseline -0.004 -13"><span class='ocrx_word' id='word_1_77' title='bbox 169 701 331 755; x_wconf 81' lang='lat' dir='ltr'>expiari</span> <span class='ocrx_word' id='word_1_78' title='bbox 370 714 513 754; x_wconf 83' lang='lat' dir='ltr'>posse,</span> <span class='ocrx_word' id='word_1_79' title='bbox 552 699 624 740; x_wconf 83' lang='lat' dir='ltr'>sed</span> <span class='ocrx_word' id='word_1_80' title='bbox 662 713 728 739; x_wconf 89' lang='lat' dir='ltr'>res</span> <span class='ocrx_word' id='word_1_81' title='bbox 767 699 862 752; x_wconf 87' lang='lat' dir='ltr'>ipsa</span> <span class='ocrx_word' id='word_1_82' title='bbox 900 697 1017 752; x_wconf 82' lang='lat' dir='ltr'>cogit</span> <span class='ocrx_word' id='word_1_83' title='bbox 1053 700 1219 738; x_wconf 84' lang='lat' dir='ltr'>vastam</span> <span class='ocrx_word' id='word_1_84' title='bbox 1258 695 1464 737; x_wconf 87' lang='lat' dir='ltr'>incendiis</span> <span class='ocrx_word' id='word_1_85' title='bbox 1497 695 1715 750; x_wconf 88' lang='lat' dir='ltr'>ruinisque</span> 
     </span>
     <span class='ocr_line' id='line_1_14' title="bbox 170 754 1717 814; baseline -0.004 -13"><span class='ocrx_word' id='word_1_86' title='bbox 170 760 408 814; x_wconf 88' lang='lat' dir='ltr'>relinquere</span> <span class='ocrx_word' id='word_1_87' title='bbox 440 759 589 800; x_wconf 86' lang='lat' dir='ltr'>urbem</span> <span class='ocrx_word' id='word_1_88' title='bbox 623 760 665 798; x_wconf 91' lang='lat' dir='ltr'>et</span> <span class='ocrx_word' id='word_1_89' title='bbox 698 757 751 798; x_wconf 84' lang='lat' dir='ltr'>ad</span> <span class='ocrx_word' id='word_1_90' title='bbox 782 757 953 810; x_wconf 85' lang='lat' dir='ltr'>integra</span> <span class='ocrx_word' id='word_1_91' title='bbox 985 755 1127 797; x_wconf 85' lang='lat' dir='ltr'>omnia</span> <span class='ocrx_word' id='word_1_92' title='bbox 1159 755 1290 797; x_wconf 89' lang='lat' dir='ltr'>Veios</span> <span class='ocrx_word' id='word_1_93' title='bbox 1322 755 1508 810; x_wconf 87' lang='lat' dir='ltr'>migrare</span> <span class='ocrx_word' id='word_1_94' title='bbox 1539 768 1616 796; x_wconf 89' lang='lat' dir='ltr'>nec</span> <span class='ocrx_word' id='word_1_95' title='bbox 1646 754 1717 796; x_wconf 83' lang='lat' dir='ltr'>hie</span> 
     </span>
     <span class='ocr_line' id='line_1_15' title="bbox 119 814 1714 871; baseline -0.004 -10"><span class='ocrx_word' id='word_1_96' title='bbox 119 830 139 861; x_wconf 76' lang='lat'>2</span> <span class='ocrx_word' id='word_1_97' title='bbox 166 819 429 861; x_wconf 87' lang='lat' dir='ltr'>aedificando</span> <span class='ocrx_word' id='word_1_98' title='bbox 461 818 636 871; x_wconf 89' lang='lat' dir='ltr'>inopem</span> <span class='ocrx_word' id='word_1_99' title='bbox 669 816 839 870; x_wconf 89' lang='lat' dir='ltr'>plebem</span> <span class='ocrx_word' id='word_1_100' title='bbox 871 814 1048 857; x_wconf 61' lang='lat' dir='ltr'>vexare?</span> <span class='ocrx_word' id='word_1_101' title='bbox 1097 815 1207 856; x_wconf 84' lang='lat' dir='ltr'>hanc</span> <span class='ocrx_word' id='word_1_102' title='bbox 1234 817 1376 855; x_wconf 84' lang='lat' dir='ltr'>autem</span> <span class='ocrx_word' id='word_1_103' title='bbox 1401 814 1550 855; x_wconf 88' lang='lat' dir='ltr'>iactari</span> <span class='ocrx_word' id='word_1_104' title='bbox 1578 814 1714 868; x_wconf 87' lang='lat' dir='ltr'>magis</span> 
     </span>
     <span class='ocr_line' id='line_1_16' title="bbox 168 873 1716 931; baseline -0.004 -12"><span class='ocrx_word' id='word_1_105' title='bbox 168 893 339 920; x_wconf 86' lang='lat' dir='ltr'>causam</span> <span class='ocrx_word' id='word_1_106' title='bbox 374 891 501 931; x_wconf 87' lang='lat' dir='ltr'>quam</span> <span class='ocrx_word' id='word_1_107' title='bbox 535 890 678 917; x_wconf 88' lang='lat' dir='ltr'>veram</span> <span class='ocrx_word' id='word_1_108' title='bbox 710 889 820 928; x_wconf 87' lang='lat' dir='ltr'>esse,</span> <span class='ocrx_word' id='word_1_109' title='bbox 851 877 900 915; x_wconf 87' lang='lat' dir='ltr'>ut</span> <span class='ocrx_word' id='word_1_110' title='bbox 931 887 1009 927; x_wconf 84' lang='lat' dir='ltr'>ego</span> <span class='ocrx_word' id='word_1_111' title='bbox 1042 888 1128 915; x_wconf 87' lang='lat' dir='ltr'>non</span> <span class='ocrx_word' id='word_1_112' title='bbox 1160 873 1310 927; x_wconf 88' lang='lat' dir='ltr'>dicam,</span> <span class='ocrx_word' id='word_1_113' title='bbox 1342 887 1548 928; x_wconf 87' lang='lat' dir='ltr'>apparere</span> <span class='ocrx_word' id='word_1_114' title='bbox 1579 873 1716 926; x_wconf 86' lang='lat' dir='ltr'>vobis,</span> 
     </span>
     <span class='ocr_line' id='line_1_17' title="bbox 168 931 1715 990; baseline -0.005 -12"><span class='ocrx_word' id='word_1_115' title='bbox 168 936 367 986; x_wconf 82' lang='lat' dir='ltr'>Quirites,</span> <span class='ocrx_word' id='word_1_116' title='bbox 400 938 517 990; x_wconf 90' lang='lat' dir='ltr'>puto,</span> <span class='ocrx_word' id='word_1_117' title='bbox 549 935 621 989; x_wconf 87' lang='lat' dir='ltr'>qui</span> <span class='ocrx_word' id='word_1_118' title='bbox 653 934 909 975; x_wconf 82' lang='lat' dir='ltr'>meministis</span> <span class='ocrx_word' id='word_1_119' title='bbox 938 936 1035 974; x_wconf 84' lang='lat' dir='ltr'>ante</span> <span class='ocrx_word' id='word_1_120' title='bbox 1063 932 1287 973; x_wconf 82' lang='lat' dir='ltr'>Gallorum</span> <span class='ocrx_word' id='word_1_121' title='bbox 1313 932 1554 985; x_wconf 86' lang='lat' dir='ltr'>adventum,</span> <span class='ocrx_word' id='word_1_122' title='bbox 1586 931 1715 972; x_wconf 87' lang='lat' dir='ltr'>salvis</span> 
     </span>
     <span class='ocr_line' id='line_1_18' title="bbox 167 990 1716 1050; baseline -0.005 -12"><span class='ocrx_word' id='word_1_123' title='bbox 167 996 294 1038; x_wconf 85' lang='lat' dir='ltr'>tectis</span> <span class='ocrx_word' id='word_1_124' title='bbox 327 995 510 1050; x_wconf 90' lang='lat' dir='ltr'>publicis</span> <span class='ocrx_word' id='word_1_125' title='bbox 543 993 818 1049; x_wconf 84' lang='lat' dir='ltr'>privatisque,</span> <span class='ocrx_word' id='word_1_126' title='bbox 851 994 991 1033; x_wconf 82' lang='lat' dir='ltr'>stante</span> <span class='ocrx_word' id='word_1_127' title='bbox 1023 991 1227 1032; x_wconf 89' lang='lat' dir='ltr'>incolumi</span> <span class='ocrx_word' id='word_1_128' title='bbox 1255 991 1372 1044; x_wconf 88' lang='lat' dir='ltr'>urbe,</span> <span class='ocrx_word' id='word_1_129' title='bbox 1403 990 1513 1031; x_wconf 83' lang='lat' dir='ltr'>hanc</span> <span class='ocrx_word' id='word_1_130' title='bbox 1539 990 1716 1031; x_wconf 88' lang='lat' dir='ltr'>eandem</span> 
     </span>
    </p>
   </div>
   <div class='ocr_carea' id='block_1_10' title="bbox 126 1051 1263 1106">
    <p class='ocr_par' dir='ltr' id='par_1_11' title="bbox 126 1051 1263 1106">
     <span class='ocr_line' id='line_1_19' title="bbox 126 1051 1263 1106; baseline -0.006 -9"><span class='ocrx_word' id='word_1_131' title='bbox 126 1067 146 1098; x_wconf 88' lang='lat'><strong>3</strong></span> <span class='ocrx_word' id='word_1_132' title='bbox 172 1070 261 1096; x_wconf 89' lang='lat' dir='ltr'>rem</span> <span class='ocrx_word' id='word_1_133' title='bbox 294 1058 433 1096; x_wconf 87' lang='lat' dir='ltr'>actam</span> <span class='ocrx_word' id='word_1_134' title='bbox 466 1067 576 1106; x_wconf 85' lang='lat' dir='ltr'>esse,</span> <span class='ocrx_word' id='word_1_135' title='bbox 606 1056 655 1094; x_wconf 93' lang='lat' dir='ltr'>ut</span> <span class='ocrx_word' id='word_1_136' title='bbox 687 1051 816 1093; x_wconf 90' lang='lat' dir='ltr'>Veios</span> <span class='ocrx_word' id='word_1_137' title='bbox 847 1051 1263 1105; x_wconf 81' lang='lat' dir='ltr'>transmigraremus.</span> 
     </span>
    </p>
   </div>
   <div class='ocr_carea' id='block_1_11' title="bbox 1325 1048 1716 1104">
    <p class='ocr_par' dir='ltr' id='par_1_12' title="bbox 1325 1048 1716 1104">
     <span class='ocr_line' id='line_1_20' title="bbox 1325 1048 1716 1104; baseline 0 -14"><span class='ocrx_word' id='word_1_138' title='bbox 1325 1053 1366 1090; x_wconf 93' lang='lat' dir='ltr'>et</span> <span class='ocrx_word' id='word_1_139' title='bbox 1397 1048 1551 1102; x_wconf 87' lang='lat' dir='ltr'>videte,</span> <span class='ocrx_word' id='word_1_140' title='bbox 1583 1063 1716 1104; x_wconf 88' lang='lat' dir='ltr'>quan-</span> 
     </span>
    </p>
   </div>
   <div class='ocr_carea' id='block_1_12' title="bbox 123 1108 1718 1523">
    <p class='ocr_par' dir='ltr' id='par_1_13' title="bbox 123 1108 1718 1523">
     <span class='ocr_line' id='line_1_21' title="bbox 166 1108 1718 1163; baseline -0.004 -8"><span class='ocrx_word' id='word_1_141' title='bbox 166 1118 260 1156; x_wconf 85' lang='lat' dir='ltr'>tum</span> <span class='ocrx_word' id='word_1_142' title='bbox 291 1114 403 1155; x_wconf 89' lang='lat' dir='ltr'>inter</span> <span class='ocrx_word' id='word_1_143' title='bbox 432 1127 573 1153; x_wconf 87' lang='lat' dir='ltr'>meam</span> <span class='ocrx_word' id='word_1_144' title='bbox 606 1112 862 1153; x_wconf 86' lang='lat' dir='ltr'>sententiam</span> <span class='ocrx_word' id='word_1_145' title='bbox 902 1113 1171 1163; x_wconf 78' lang='lat' dir='ltr'>vestramque</span> <span class='ocrx_word' id='word_1_146' title='bbox 1197 1109 1381 1162; x_wconf 87' lang='lat' dir='ltr'>intersit,</span> <span class='ocrx_word' id='word_1_147' title='bbox 1411 1108 1585 1149; x_wconf 82' lang='lat' dir='ltr'>tribuni.</span> <span class='ocrx_word' id='word_1_148' title='bbox 1627 1122 1718 1161; x_wconf 87' lang='lat' dir='ltr'>vos,</span> 
     </span>
     <span class='ocr_line' id='line_1_22' title="bbox 169 1167 1716 1223; baseline -0.005 -9"><span class='ocrx_word' id='word_1_149' title='bbox 169 1173 338 1214; x_wconf 88' lang='lat' dir='ltr'>etiamsi</span> <span class='ocrx_word' id='word_1_150' title='bbox 365 1176 465 1213; x_wconf 84' lang='lat' dir='ltr'>tunc</span> <span class='ocrx_word' id='word_1_151' title='bbox 490 1171 733 1213; x_wconf 86' lang='lat' dir='ltr'>faciendum</span> <span class='ocrx_word' id='word_1_152' title='bbox 758 1184 843 1211; x_wconf 92' lang='lat' dir='ltr'>non</span> <span class='ocrx_word' id='word_1_153' title='bbox 870 1169 1011 1220; x_wconf 85' lang='lat' dir='ltr'>fuerit,</span> <span class='ocrx_word' id='word_1_154' title='bbox 1035 1183 1148 1210; x_wconf 89' lang='lat' dir='ltr'>nunc</span> <span class='ocrx_word' id='word_1_155' title='bbox 1167 1168 1314 1223; x_wconf 89' lang='lat' dir='ltr'>utique</span> <span class='ocrx_word' id='word_1_156' title='bbox 1333 1167 1573 1209; x_wconf 86' lang='lat' dir='ltr'>faciendum</span> <span class='ocrx_word' id='word_1_157' title='bbox 1592 1169 1716 1222; x_wconf 86' lang='lat' dir='ltr'>puta-</span> 
     </span>
     <span class='ocr_line' id='line_1_23' title="bbox 167 1226 1717 1286; baseline -0.005 -13"><span class='ocrx_word' id='word_1_158' title='bbox 167 1233 243 1285; x_wconf 78' lang='lat' dir='ltr'>tis3</span> <span class='ocrx_word' id='word_1_159' title='bbox 285 1245 362 1286; x_wconf 88' lang='lat' dir='ltr'>ego</span> <span class='ocrx_word' id='word_1_160' title='bbox 401 1233 552 1272; x_wconf 85' lang='lat' dir='ltr'>contra</span> <span class='ocrx_word' id='word_1_161' title='bbox 590 1253 645 1259; x_wconf 95' lang='lat'>—</span> <span class='ocrx_word' id='word_1_162' title='bbox 683 1243 760 1271; x_wconf 86' lang='lat' dir='ltr'>nec</span> <span class='ocrx_word' id='word_1_163' title='bbox 799 1229 840 1269; x_wconf 87' lang='lat' dir='ltr'>id</span> <span class='ocrx_word' id='word_1_164' title='bbox 879 1228 1023 1269; x_wconf 87' lang='lat' dir='ltr'>mirati</span> <span class='ocrx_word' id='word_1_165' title='bbox 1062 1228 1176 1281; x_wconf 87' lang='lat' dir='ltr'>sitis,</span> <span class='ocrx_word' id='word_1_166' title='bbox 1215 1227 1463 1281; x_wconf 87' lang='lat' dir='ltr'>priusquam</span> <span class='ocrx_word' id='word_1_167' title='bbox 1502 1226 1627 1280; x_wconf 87' lang='lat' dir='ltr'>quale</span> <span class='ocrx_word' id='word_1_168' title='bbox 1660 1226 1717 1267; x_wconf 83' lang='lat' dir='ltr'>sit</span> 
     </span>
     <span class='ocr_line' id='line_1_24' title="bbox 172 1285 1717 1341; baseline -0.004 -9"><span class='ocrx_word' id='word_1_169' title='bbox 172 1290 388 1332; x_wconf 89' lang='lat' dir='ltr'>audieritis</span> <span class='ocrx_word' id='word_1_170' title='bbox 425 1313 501 1340; x_wconf 87' lang='lat'>—,</span> <span class='ocrx_word' id='word_1_171' title='bbox 540 1289 710 1330; x_wconf 90' lang='lat' dir='ltr'>etiamsi</span> <span class='ocrx_word' id='word_1_172' title='bbox 753 1291 845 1329; x_wconf 88' lang='lat' dir='ltr'>tum</span> <span class='ocrx_word' id='word_1_173' title='bbox 883 1287 1156 1341; x_wconf 86' lang='lat' dir='ltr'>migrandum</span> <span class='ocrx_word' id='word_1_174' title='bbox 1193 1286 1347 1327; x_wconf 84' lang='lat' dir='ltr'>fuisset</span> <span class='ocrx_word' id='word_1_175' title='bbox 1383 1285 1587 1328; x_wconf 86' lang='lat' dir='ltr'>incolumi</span> <span class='ocrx_word' id='word_1_176' title='bbox 1624 1287 1717 1326; x_wconf 87' lang='lat' dir='ltr'>tota</span> 
     </span>
     <span class='ocr_line' id='line_1_25' title="bbox 123 1344 1717 1403; baseline -0.005 -11"><span class='ocrx_word' id='word_1_177' title='bbox 123 1362 145 1392; x_wconf 87' lang='grc'>4</span> <span class='ocrx_word' id='word_1_178' title='bbox 171 1351 292 1403; x_wconf 88' lang='lat' dir='ltr'>urbe,</span> <span class='ocrx_word' id='word_1_179' title='bbox 336 1364 450 1390; x_wconf 86' lang='lat' dir='ltr'>nunc</span> <span class='ocrx_word' id='word_1_180' title='bbox 492 1349 570 1389; x_wconf 85' lang='lat' dir='ltr'>has</span> <span class='ocrx_word' id='word_1_181' title='bbox 614 1348 759 1388; x_wconf 89' lang='lat' dir='ltr'>ruinas</span> <span class='ocrx_word' id='word_1_182' title='bbox 800 1346 1100 1400; x_wconf 86' lang='lat' dir='ltr'>relinquendas</span> <span class='ocrx_word' id='word_1_183' title='bbox 1139 1360 1226 1387; x_wconf 89' lang='lat' dir='ltr'>non</span> <span class='ocrx_word' id='word_1_184' title='bbox 1263 1359 1491 1386; x_wconf 85' lang='lat' dir='ltr'>censerem.</span> <span class='ocrx_word' id='word_1_185' title='bbox 1560 1344 1717 1399; x_wconf 89' lang='lat' dir='ltr'>quippe</span> 
     </span>
     <span class='ocr_line' id='line_1_26' title="bbox 172 1403 1718 1458; baseline -0.005 -7"><span class='ocrx_word' id='word_1_186' title='bbox 172 1412 263 1450; x_wconf 90' lang='lat' dir='ltr'>tum</span> <span class='ocrx_word' id='word_1_187' title='bbox 308 1423 436 1450; x_wconf 84' lang='lat' dir='ltr'>causa</span> <span class='ocrx_word' id='word_1_188' title='bbox 479 1407 604 1449; x_wconf 89' lang='lat' dir='ltr'>nobis</span> <span class='ocrx_word' id='word_1_189' title='bbox 649 1407 693 1448; x_wconf 91' lang='lat' dir='ltr'>in</span> <span class='ocrx_word' id='word_1_190' title='bbox 732 1406 878 1447; x_wconf 89' lang='lat' dir='ltr'>urbem</span> <span class='ocrx_word' id='word_1_191' title='bbox 920 1407 1090 1458; x_wconf 83' lang='lat' dir='ltr'>captam</span> <span class='ocrx_word' id='word_1_192' title='bbox 1128 1403 1341 1458; x_wconf 84' lang='lat' dir='ltr'>migrandi</span> <span class='ocrx_word' id='word_1_193' title='bbox 1380 1403 1558 1444; x_wconf 85' lang='lat' dir='ltr'>victoria</span> <span class='ocrx_word' id='word_1_194' title='bbox 1594 1404 1718 1456; x_wconf 89' lang='lat' dir='ltr'>esset,</span> 
     </span>
     <span class='ocr_line' id='line_1_27' title="bbox 173 1460 1717 1523; baseline -0.004 -15"><span class='ocrx_word' id='word_1_195' title='bbox 173 1469 362 1523; x_wconf 88' lang='lat' dir='ltr'>gloriosa</span> <span class='ocrx_word' id='word_1_196' title='bbox 399 1467 524 1508; x_wconf 90' lang='lat' dir='ltr'>nobis</span> <span class='ocrx_word' id='word_1_197' title='bbox 564 1480 612 1507; x_wconf 89' lang='lat' dir='ltr'>ac</span> <span class='ocrx_word' id='word_1_198' title='bbox 649 1465 832 1520; x_wconf 86' lang='lat' dir='ltr'>posteris</span> <span class='ocrx_word' id='word_1_199' title='bbox 871 1464 1049 1518; x_wconf 79' lang='lat' dir='ltr'>nostris;</span> <span class='ocrx_word' id='word_1_200' title='bbox 1082 1478 1194 1504; x_wconf 89' lang='lat' dir='ltr'>nunc</span> <span class='ocrx_word' id='word_1_201' title='bbox 1225 1463 1330 1503; x_wconf 86' lang='lat' dir='ltr'>haec</span> <span class='ocrx_word' id='word_1_202' title='bbox 1361 1462 1562 1517; x_wconf 86' lang='lat' dir='ltr'>migratio</span> <span class='ocrx_word' id='word_1_203' title='bbox 1593 1460 1717 1503; x_wconf 86' lang='lat' dir='ltr'>nobis</span> 
     </span>
    </p>
   </div>
   <div class='ocr_carea' id='block_1_13' title="bbox 124 1523 1147 1580">
    <p class='ocr_par' dir='ltr' id='par_1_14' title="bbox 124 1523 1147 1580">
     <span class='ocr_line' id='line_1_28' title="bbox 124 1523 1147 1580; baseline -0.006 -11"><span class='ocrx_word' id='word_1_204' title='bbox 124 1541 142 1569; x_wconf 80' lang='lat'>5</span> <span class='ocrx_word' id='word_1_205' title='bbox 173 1528 328 1568; x_wconf 79' lang='lat' dir='ltr'>misera</span> <span class='ocrx_word' id='word_1_206' title='bbox 373 1540 420 1567; x_wconf 87' lang='lat' dir='ltr'>ac</span> <span class='ocrx_word' id='word_1_207' title='bbox 463 1525 617 1580; x_wconf 85' lang='lat' dir='ltr'>turpis,</span> <span class='ocrx_word' id='word_1_208' title='bbox 663 1523 797 1565; x_wconf 85' lang='lat' dir='ltr'>Gallis</span> <span class='ocrx_word' id='word_1_209' title='bbox 843 1523 1029 1578; x_wconf 88' lang='lat' dir='ltr'>gloriosa</span> <span class='ocrx_word' id='word_1_210' title='bbox 1073 1526 1147 1563; x_wconf 88' lang='lat' dir='ltr'>est.</span> 
     </span>
    </p>
   </div>
   <div class='ocr_carea' id='block_1_14' title="bbox 168 1640 909 2911">
    <p class='ocr_par' dir='ltr' id='par_1_15' title="bbox 169 1640 908 1875">
     <span class='ocr_line' id='line_1_29' title="bbox 219 1640 906 1688; baseline -0.007 -11"><span class='ocrx_word' id='word_1_211' title='bbox 219 1648 271 1677; x_wconf 81' lang='lat'>15.</span> <span class='ocrx_word' id='word_1_212' title='bbox 293 1643 415 1677; x_wconf 78' lang='lat' dir='ltr'>omnia</span> <span class='ocrx_word' id='word_1_213' title='bbox 434 1642 524 1688; x_wconf 77' lang='lat' dir='ltr'>fere]</span> <span class='ocrx_word' id='word_1_214' title='bbox 546 1640 672 1676; x_wconf 85' lang='lat' dir='ltr'>Dieser</span> <span class='ocrx_word' id='word_1_215' title='bbox 687 1640 817 1674; x_wconf 81' lang='lat' dir='ltr'>Zusatz</span> <span class='ocrx_word' id='word_1_216' title='bbox 831 1649 906 1673; x_wconf 86' lang='lat' dir='ltr'>war</span> 
     </span>
     <span class='ocr_line' id='line_1_30' title="bbox 169 1686 907 1734; baseline -0.007 -10"><span class='ocrx_word' id='word_1_217' title='bbox 169 1689 291 1734; x_wconf 80' lang='lat' dir='ltr'>no&#39;tig‚</span> <span class='ocrx_word' id='word_1_218' title='bbox 329 1689 413 1723; x_wconf 76' lang='lat' dir='ltr'>weil</span> <span class='ocrx_word' id='word_1_219' title='bbox 447 1690 506 1724; x_wconf 89' lang='lat' dir='ltr'>die</span> <span class='ocrx_word' id='word_1_220' title='bbox 533 1686 907 1723; x_wconf 74' lang='lat' dir='ltr'>Centuriatkomitien</span> 
     </span>
     <span class='ocr_line' id='line_1_31' title="bbox 169 1736 908 1779; baseline -0.005 -8"><span class='ocrx_word' id='word_1_221' title='bbox 169 1737 228 1772; x_wconf 90' lang='lat' dir='ltr'>nie</span> <span class='ocrx_word' id='word_1_222' title='bbox 255 1737 450 1771; x_wconf 81' lang='lat' dir='ltr'>innerhalb</span> <span class='ocrx_word' id='word_1_223' title='bbox 477 1736 542 1770; x_wconf 86' lang='lat' dir='ltr'>der</span> <span class='ocrx_word' id='word_1_224' title='bbox 568 1736 820 1779; x_wconf 80' lang='lat' dir='ltr'>Ringmauern</span> <span class='ocrx_word' id='word_1_225' title='bbox 845 1743 908 1777; x_wconf 85' lang='lat' dir='ltr'>ge-</span> 
     </span>
     <span class='ocr_line' id='line_1_32' title="bbox 169 1781 908 1827; baseline -0.005 -9"><span class='ocrx_word' id='word_1_226' title='bbox 169 1784 297 1819; x_wconf 91' lang='lat' dir='ltr'>halten</span> <span class='ocrx_word' id='word_1_227' title='bbox 323 1784 472 1818; x_wconf 83' lang='lat' dir='ltr'>wurden</span> <span class='ocrx_word' id='word_1_228' title='bbox 499 1783 586 1827; x_wconf 79' lang='lat' dir='ltr'>(vgl.</span> <span class='ocrx_word' id='word_1_229' title='bbox 609 1781 702 1816; x_wconf 82' lang='lat' dir='ltr'>Gen.</span> <span class='ocrx_word' id='word_1_230' title='bbox 719 1785 773 1823; x_wconf 82' lang='lat'>15,</span> <span class='ocrx_word' id='word_1_231' title='bbox 788 1785 844 1823; x_wconf 83' lang='lat'>27,</span> <span class='ocrx_word' id='word_1_232' title='bbox 859 1783 908 1825; x_wconf 88' lang='lat'>4),</span> 
     </span>
     <span class='ocr_line' id='line_1_33' title="bbox 170 1828 847 1875; baseline -0.004 -9"><span class='ocrx_word' id='word_1_233' title='bbox 170 1832 207 1866; x_wconf 85' lang='lat' dir='ltr'>in</span> <span class='ocrx_word' id='word_1_234' title='bbox 234 1832 297 1866; x_wconf 87' lang='lat' dir='ltr'>der</span> <span class='ocrx_word' id='word_1_235' title='bbox 323 1830 440 1875; x_wconf 87' lang='lat' dir='ltr'>Regel</span> <span class='ocrx_word' id='word_1_236' title='bbox 466 1831 531 1864; x_wconf 82' lang='lat' dir='ltr'>auf</span> <span class='ocrx_word' id='word_1_237' title='bbox 553 1830 637 1864; x_wconf 87' lang='lat' dir='ltr'>dem</span> <span class='ocrx_word' id='word_1_238' title='bbox 661 1828 847 1863; x_wconf 80' lang='lat' dir='ltr'>Marsfeld.</span> 
     </span>
    </p>

    <p class='ocr_par' dir='ltr' id='par_1_16' title="bbox 168 1875 909 2158">
     <span class='ocr_line' id='line_1_34' title="bbox 218 1875 907 1922; baseline -0.006 -10"><span class='ocrx_word' id='word_1_239' title='bbox 218 1882 272 1914; x_wconf 88' lang='lat'>16.</span> <span class='ocrx_word' id='word_1_240' title='bbox 299 1890 388 1922; x_wconf 80' lang='lat' dir='ltr'>quae</span> <span class='ocrx_word' id='word_1_241' title='bbox 414 1906 421 1912; x_wconf 93' lang='lat'><strong>.</strong></span> <span class='ocrx_word' id='word_1_242' title='bbox 451 1907 456 1912; x_wconf 94' lang='lat'>.</span> <span class='ocrx_word' id='word_1_243' title='bbox 487 1904 494 1911; x_wconf 93' lang='lat'><strong>.</strong></span> <span class='ocrx_word' id='word_1_244' title='bbox 522 1876 720 1922; x_wconf 70' lang='lat' dir='ltr'>continent]</span> <span class='ocrx_word' id='word_1_245' title='bbox 760 1875 800 1910; x_wconf 87' lang='lat' dir='ltr'>In</span> <span class='ocrx_word' id='word_1_246' title='bbox 836 1875 907 1910; x_wconf 88' lang='lat' dir='ltr'>den</span> 
     </span>
     <span class='ocr_line' id='line_1_35' title="bbox 168 1922 904 1968; baseline -0.005 -8"><span class='ocrx_word' id='word_1_247' title='bbox 168 1925 492 1968; x_wconf 76' lang='lat' dir='ltr'>Kuriatkomitien,</span> <span class='ocrx_word' id='word_1_248' title='bbox 515 1925 653 1960; x_wconf 88' lang='lat' dir='ltr'>welche</span> <span class='ocrx_word' id='word_1_249' title='bbox 670 1922 807 1967; x_wconf 76' lang='lat' dir='ltr'>(ausser</span> <span class='ocrx_word' id='word_1_250' title='bbox 821 1923 904 1957; x_wconf 86' lang='lat' dir='ltr'>dem</span> 
     </span>
     <span class='ocr_line' id='line_1_36' title="bbox 168 1969 909 2017; baseline -0.005 -10"><span class='ocrx_word' id='word_1_251' title='bbox 168 1972 260 2017; x_wconf 83' lang='lat' dir='ltr'>Kap.</span> <span class='ocrx_word' id='word_1_252' title='bbox 289 1977 344 2015; x_wconf 83' lang='grc'>46,</span> <span class='ocrx_word' id='word_1_253' title='bbox 374 1977 415 2007; x_wconf 92' lang='grc'>10</span> <span class='ocrx_word' id='word_1_254' title='bbox 448 1972 660 2007; x_wconf 75' lang='lat' dir='ltr'>erw‘ahnten</span> <span class='ocrx_word' id='word_1_255' title='bbox 688 1969 805 2014; x_wconf 83' lang='lat' dir='ltr'>Falle)</span> <span class='ocrx_word' id='word_1_256' title='bbox 844 1969 909 2004; x_wconf 84' lang='lat' dir='ltr'>auf</span> 
     </span>
     <span class='ocr_line' id='line_1_37' title="bbox 169 2017 906 2063; baseline -0.004 -10"><span class='ocrx_word' id='word_1_257' title='bbox 169 2020 253 2053; x_wconf 83' lang='lat' dir='ltr'>dem</span> <span class='ocrx_word' id='word_1_258' title='bbox 292 2020 490 2054; x_wconf 87' lang='lat' dir='ltr'>Comitium</span> <span class='ocrx_word' id='word_1_259' title='bbox 533 2017 708 2063; x_wconf 83' lang='lat' dir='ltr'>gehalten</span> <span class='ocrx_word' id='word_1_260' title='bbox 745 2017 906 2059; x_wconf 87' lang='lat' dir='ltr'>wurden,</span> 
     </span>
     <span class='ocr_line' id='line_1_38' title="bbox 168 2064 907 2110; baseline -0.004 -10"><span class='ocrx_word' id='word_1_261' title='bbox 168 2067 393 2110; x_wconf 73' lang='lat' dir='ltr'>sibertrugen</span> <span class='ocrx_word' id='word_1_262' title='bbox 430 2066 490 2101; x_wconf 88' lang='lat' dir='ltr'>die</span> <span class='ocrx_word' id='word_1_263' title='bbox 521 2065 696 2100; x_wconf 84' lang='lat' dir='ltr'>Patrizier</span> <span class='ocrx_word' id='word_1_264' title='bbox 733 2064 804 2098; x_wconf 89' lang='lat' dir='ltr'>den</span> <span class='ocrx_word' id='word_1_265' title='bbox 834 2074 907 2097; x_wconf 87' lang='lat' dir='ltr'>neu</span> 
     </span>
     <span class='ocr_line' id='line_1_39' title="bbox 170 2110 904 2158; baseline -0.005 -10"><span class='ocrx_word' id='word_1_266' title='bbox 170 2115 381 2158; x_wconf 65' lang='lat' dir='ltr'>gewahlten</span> <span class='ocrx_word' id='word_1_267' title='bbox 407 2114 584 2147; x_wconf 86' lang='lat' dir='ltr'>Beamten</span> <span class='ocrx_word' id='word_1_268' title='bbox 610 2113 675 2146; x_wconf 85' lang='lat' dir='ltr'>das</span> <span class='ocrx_word' id='word_1_269' title='bbox 695 2110 904 2155; x_wconf 84' lang='lat' dir='ltr'>Imperium.</span> 
     </span>
    </p>

    <p class='ocr_par' dir='ltr' id='par_1_17' title="bbox 169 2158 908 2394">
     <span class='ocr_line' id='line_1_40' title="bbox 216 2158 908 2205; baseline -0.004 -11"><span class='ocrx_word' id='word_1_270' title='bbox 216 2162 280 2196; x_wconf 76' lang='lat' dir='ltr'>ubi</span> <span class='ocrx_word' id='word_1_271' title='bbox 306 2160 482 2205; x_wconf 71' lang='lat' dir='ltr'>adsolent]</span> <span class='ocrx_word' id='word_1_272' title='bbox 509 2159 587 2194; x_wconf 81' lang='lat' dir='ltr'>scil.</span> <span class='ocrx_word' id='word_1_273' title='bbox 612 2159 702 2202; x_wconf 77' lang='lat' dir='ltr'>fieri.</span> <span class='ocrx_word' id='word_1_274' title='bbox 738 2158 797 2192; x_wconf 85' lang='lat' dir='ltr'>Sie</span> <span class='ocrx_word' id='word_1_275' title='bbox 817 2158 908 2191; x_wconf 73' lang='lat' dir='ltr'>kon-</span> 
     </span>
     <span class='ocr_line' id='line_1_41' title="bbox 170 2205 908 2251; baseline -0.005 -9"><span class='ocrx_word' id='word_1_276' title='bbox 170 2219 241 2242; x_wconf 87' lang='lat' dir='ltr'>nen</span> <span class='ocrx_word' id='word_1_277' title='bbox 271 2219 340 2241; x_wconf 88' lang='lat' dir='ltr'>nur</span> <span class='ocrx_word' id='word_1_278' title='bbox 371 2207 439 2241; x_wconf 90' lang='lat' dir='ltr'>mit</span> <span class='ocrx_word' id='word_1_279' title='bbox 466 2206 656 2251; x_wconf 68' lang='lat' dir='ltr'>Billigung</span> <span class='ocrx_word' id='word_1_280' title='bbox 689 2206 753 2239; x_wconf 87' lang='lat' dir='ltr'>der</span> <span class='ocrx_word' id='word_1_281' title='bbox 778 2205 908 2239; x_wconf 76' lang='lat' dir='ltr'>Gotter</span> 
     </span>
     <span class='ocr_line' id='line_1_42' title="bbox 169 2252 908 2298; baseline -0.005 -10"><span class='ocrx_word' id='word_1_282' title='bbox 169 2255 231 2290; x_wconf 92' lang='lat' dir='ltr'>bei</span> <span class='ocrx_word' id='word_1_283' title='bbox 260 2255 331 2289; x_wconf 90' lang='lat' dir='ltr'>den</span> <span class='ocrx_word' id='word_1_284' title='bbox 357 2254 555 2298; x_wconf 86' lang='lat' dir='ltr'>Auspizien</span> <span class='ocrx_word' id='word_1_285' title='bbox 581 2253 654 2287; x_wconf 87' lang='lat' dir='ltr'>und</span> <span class='ocrx_word' id='word_1_286' title='bbox 682 2265 728 2286; x_wconf 81' lang='lat' dir='ltr'>an</span> <span class='ocrx_word' id='word_1_287' title='bbox 755 2253 824 2286; x_wconf 84' lang='lat' dir='ltr'>den</span> <span class='ocrx_word' id='word_1_288' title='bbox 851 2252 908 2285; x_wconf 72' lang='lat' dir='ltr'>fiir</span> 
     </span>
     <span class='ocr_line' id='line_1_43' title="bbox 173 2298 907 2346; baseline -0.007 -10"><span class='ocrx_word' id='word_1_289' title='bbox 173 2301 224 2336; x_wconf 76' lang='lat' dir='ltr'>sie</span> <span class='ocrx_word' id='word_1_290' title='bbox 245 2301 381 2336; x_wconf 88' lang='lat' dir='ltr'>einmal</span> <span class='ocrx_word' id='word_1_291' title='bbox 400 2301 675 2346; x_wconf 83' lang='lat' dir='ltr'>inaugurierten</span> <span class='ocrx_word' id='word_1_292' title='bbox 696 2299 809 2334; x_wconf 90' lang='lat' dir='ltr'>Orten</span> <span class='ocrx_word' id='word_1_293' title='bbox 829 2298 907 2343; x_wconf 72' lang='lat' dir='ltr'>gul-</span> 
     </span>
     <span class='ocr_line' id='line_1_44' title="bbox 173 2349 614 2394; baseline -0.002 -11"><span class='ocrx_word' id='word_1_294' title='bbox 173 2349 230 2394; x_wconf 81' lang='lat' dir='ltr'>tig</span> <span class='ocrx_word' id='word_1_295' title='bbox 256 2349 430 2392; x_wconf 73' lang='lat' dir='ltr'>gehalten</span> <span class='ocrx_word' id='word_1_296' title='bbox 455 2349 614 2382; x_wconf 81' lang='lat' dir='ltr'>werden.</span> 
     </span>
    </p>

    <p class='ocr_par' dir='ltr' id='par_1_18' title="bbox 168 2392 908 2807">
     <span class='ocr_line' id='line_1_45' title="bbox 217 2392 908 2437; baseline -0.007 -6"><span class='ocrx_word' id='word_1_297' title='bbox 217 2396 281 2431; x_wconf 82' lang='lat'>53.</span> <span class='ocrx_word' id='word_1_298' title='bbox 310 2400 340 2430; x_wconf 92' lang='lat'>1.</span> <span class='ocrx_word' id='word_1_299' title='bbox 373 2399 410 2429; x_wconf 81' lang='lat' dir='ltr'>at</span> <span class='ocrx_word' id='word_1_300' title='bbox 442 2397 552 2437; x_wconf 76' lang='lat' dir='ltr'>enim,</span> <span class='ocrx_word' id='word_1_301' title='bbox 587 2394 695 2429; x_wconf 78' lang='lat' dir='ltr'>‘aber</span> <span class='ocrx_word' id='word_1_302' title='bbox 726 2392 908 2436; x_wconf 82' lang='lat' dir='ltr'>freilich&#39;,</span> 
     </span>
     <span class='ocr_line' id='line_1_46' title="bbox 170 2440 908 2484; baseline -0.007 -6"><span class='ocrx_word' id='word_1_303' title='bbox 170 2443 299 2478; x_wconf 84' lang='lat' dir='ltr'>erhebt</span> <span class='ocrx_word' id='word_1_304' title='bbox 325 2443 432 2477; x_wconf 79' lang='lat' dir='ltr'>einen</span> <span class='ocrx_word' id='word_1_305' title='bbox 457 2441 648 2484; x_wconf 80' lang='lat' dir='ltr'>Einwand,</span> <span class='ocrx_word' id='word_1_306' title='bbox 675 2453 737 2474; x_wconf 90' lang='lat' dir='ltr'>um</span> <span class='ocrx_word' id='word_1_307' title='bbox 763 2440 825 2474; x_wconf 86' lang='lat' dir='ltr'>ihn</span> <span class='ocrx_word' id='word_1_308' title='bbox 852 2450 908 2473; x_wconf 78' lang='lat' dir='ltr'>so-</span> 
     </span>
     <span class='ocr_line' id='line_1_47' title="bbox 169 2486 906 2534; baseline -0.007 -10"><span class='ocrx_word' id='word_1_309' title='bbox 169 2490 243 2525; x_wconf 80' lang='lat' dir='ltr'>fort</span> <span class='ocrx_word' id='word_1_310' title='bbox 268 2503 311 2524; x_wconf 89' lang='lat' dir='ltr'>zu</span> <span class='ocrx_word' id='word_1_311' title='bbox 338 2489 559 2534; x_wconf 85' lang='lat' dir='ltr'>widerlegen</span> <span class='ocrx_word' id='word_1_312' title='bbox 585 2487 681 2533; x_wconf 86' lang='lat' dir='ltr'>(eine</span> <span class='ocrx_word' id='word_1_313' title='bbox 702 2486 762 2522; x_wconf 86' lang='lat' dir='ltr'>bei</span> <span class='ocrx_word' id='word_1_314' title='bbox 782 2487 906 2520; x_wconf 82' lang='lat' dir='ltr'>Livius</span> 
     </span>
     <span class='ocr_line' id='line_1_48' title="bbox 168 2532 906 2582; baseline -0.004 -10"><span class='ocrx_word' id='word_1_315' title='bbox 168 2538 316 2582; x_wconf 73' lang='lat' dir='ltr'>h&#39;aufige</span> <span class='ocrx_word' id='word_1_316' title='bbox 342 2538 450 2572; x_wconf 84' lang='lat' dir='ltr'>Form</span> <span class='ocrx_word' id='word_1_317' title='bbox 475 2537 540 2572; x_wconf 89' lang='lat' dir='ltr'>der</span> <span class='ocrx_word' id='word_1_318' title='bbox 560 2534 790 2580; x_wconf 80' lang='lat' dir='ltr'>Occupatio)‚</span> <span class='ocrx_word' id='word_1_319' title='bbox 816 2546 843 2569; x_wconf 79' lang='lat' dir='ltr'>z,</span> <span class='ocrx_word' id='word_1_320' title='bbox 865 2532 906 2569; x_wconf 87' lang='lat' dir='ltr'>B.</span> 
     </span>
     <span class='ocr_line' id='line_1_49' title="bbox 170 2583 906 2629; baseline -0.008 -9"><span class='ocrx_word' id='word_1_321' title='bbox 170 2589 226 2627; x_wconf 78' lang='lat'>21,</span> <span class='ocrx_word' id='word_1_322' title='bbox 241 2589 296 2627; x_wconf 87' lang='lat'>40,</span> <span class='ocrx_word' id='word_1_323' title='bbox 312 2588 332 2619; x_wconf 90' lang='grc'>8</span> <span class='ocrx_word' id='word_1_324' title='bbox 353 2589 391 2620; x_wconf 82' lang='lat' dir='ltr'>at</span> <span class='ocrx_word' id='word_1_325' title='bbox 410 2585 502 2619; x_wconf 79' lang='lat' dir='ltr'>enim</span> <span class='ocrx_word' id='word_1_326' title='bbox 516 2584 632 2629; x_wconf 78' lang='lat' dir='ltr'>pauci</span> <span class='ocrx_word' id='word_1_327' title='bbox 651 2583 792 2627; x_wconf 75' lang='lat' dir='ltr'>quidem</span> <span class='ocrx_word' id='word_1_328' title='bbox 811 2584 906 2621; x_wconf 77' lang='lat' dir='ltr'>sunt,</span> 
     </span>
     <span class='ocr_line' id='line_1_50' title="bbox 170 2629 906 2676; baseline -0.007 -10"><span class='ocrx_word' id='word_1_329' title='bbox 170 2633 231 2667; x_wconf 73' lang='lat' dir='ltr'>sed</span> <span class='ocrx_word' id='word_1_330' title='bbox 261 2633 415 2676; x_wconf 71' lang='lat' dir='ltr'>viyentes</span> <span class='ocrx_word' id='word_1_331' title='bbox 446 2632 579 2666; x_wconf 64' lang='lat' dir='ltr'>animis</span> <span class='ocrx_word' id='word_1_332' title='bbox 611 2629 906 2673; x_wconf 75' lang='lat' dir='ltr'>corporibusque,-</span> 
     </span>
     <span class='ocr_line' id='line_1_51' title="bbox 169 2677 906 2722; baseline -0.007 -9"><span class='ocrx_word' id='word_1_333' title='bbox 169 2683 226 2721; x_wconf 81' lang='grc'>42,</span> <span class='ocrx_word' id='word_1_334' title='bbox 241 2684 297 2722; x_wconf 86' lang='grc'>41,</span> <span class='ocrx_word' id='word_1_335' title='bbox 315 2683 354 2713; x_wconf 80' lang='lat'>12</span> <span class='ocrx_word' id='word_1_336' title='bbox 376 2684 415 2714; x_wconf 80' lang='lat' dir='ltr'>at</span> <span class='ocrx_word' id='word_1_337' title='bbox 432 2680 525 2714; x_wconf 80' lang='lat' dir='ltr'>enim</span> <span class='ocrx_word' id='word_1_338' title='bbox 546 2679 633 2713; x_wconf 82' lang='lat' dir='ltr'>bello</span> <span class='ocrx_word' id='word_1_339' title='bbox 653 2677 793 2721; x_wconf 76' lang='lat' dir='ltr'>quidem</span> <span class='ocrx_word' id='word_1_340' title='bbox 812 2677 906 2710; x_wconf 77' lang='lat' dir='ltr'>iusto</span> 
     </span>
     <span class='ocr_line' id='line_1_52' title="bbox 171 2725 907 2770; baseline -0.007 -9"><span class='ocrx_word' id='word_1_341' title='bbox 171 2737 247 2761; x_wconf 80' lang='lat' dir='ltr'>sum</span> <span class='ocrx_word' id='word_1_342' title='bbox 274 2730 491 2770; x_wconf 79' lang='lat' dir='ltr'>persecutus,</span> <span class='ocrx_word' id='word_1_343' title='bbox 517 2726 577 2760; x_wconf 79' lang='lat' dir='ltr'>sed</span> <span class='ocrx_word' id='word_1_344' title='bbox 597 2725 695 2759; x_wconf 72' lang='lat' dir='ltr'>vinci</span> <span class='ocrx_word' id='word_1_345' title='bbox 713 2734 787 2758; x_wconf 73' lang='lat' dir='ltr'>non</span> <span class='ocrx_word' id='word_1_346' title='bbox 806 2733 907 2767; x_wconf 77' lang='lat' dir='ltr'>opor-</span> 
     </span>
     <span class='ocr_line' id='line_1_53' title="bbox 175 2775 622 2807; baseline 0 0"><span class='ocrx_word' id='word_1_347' title='bbox 175 2775 246 2807; x_wconf 76' lang='lat' dir='ltr'>tuit</span> <span class='ocrx_word' id='word_1_348' title='bbox 271 2784 358 2807; x_wconf 82' lang='lat' dir='ltr'>eum.</span> <span class='ocrx_word' id='word_1_349' title='bbox 618 2791 622 2797; x_wconf 64' lang='lat'>¹</span> 
     </span>
    </p>

    <p class='ocr_par' dir='ltr' id='par_1_19' title="bbox 170 2817 909 2911">
     <span class='ocr_line' id='line_1_54' title="bbox 213 2817 909 2866; baseline -0.006 -12"><span class='ocrx_word' id='word_1_350' title='bbox 213 2820 349 2866; x_wconf 76' lang='lat' dir='ltr'>pollui]</span> <span class='ocrx_word' id='word_1_351' title='bbox 377 2820 490 2854; x_wconf 87' lang='lat' dir='ltr'>durch</span> <span class='ocrx_word' id='word_1_352' title='bbox 519 2819 577 2853; x_wconf 74' lang='lat' dir='ltr'>die</span> <span class='ocrx_word' id='word_1_353' title='bbox 604 2817 909 2861; x_wconf 85' lang='lat' dir='ltr'>Auswanderung</span> 
     </span>
     <span class='ocr_line' id='line_1_55' title="bbox 170 2866 385 2911; baseline 0.005 -11"><span class='ocrx_word' id='word_1_354' title='bbox 170 2866 267 2901; x_wconf 86' lang='lat' dir='ltr'>nach</span> <span class='ocrx_word' id='word_1_355' title='bbox 292 2867 385 2911; x_wconf 80' lang='lat' dir='ltr'>Veji.</span> 
     </span>
    </p>
   </div>
   <div class='ocr_carea' id='block_1_15' title="bbox 1216 1521 1717 1575">
    <p class='ocr_par' dir='ltr' id='par_1_20' title="bbox 1216 1521 1717 1575">
     <span class='ocr_line' id='line_1_56' title="bbox 1216 1521 1717 1575; baseline -0.004 -13"><span class='ocrx_word' id='word_1_356' title='bbox 1216 1536 1302 1562; x_wconf 86' lang='lat' dir='ltr'>non</span> <span class='ocrx_word' id='word_1_357' title='bbox 1344 1521 1457 1562; x_wconf 92' lang='lat' dir='ltr'>enim</span> <span class='ocrx_word' id='word_1_358' title='bbox 1495 1521 1717 1575; x_wconf 88' lang='lat' dir='ltr'>reliquisse</span> 
     </span>
    </p>
   </div>
   <div class='ocr_carea' id='block_1_16' title="bbox 976 1634 1720 2904">
    <p class='ocr_par' dir='ltr' id='par_1_21' title="bbox 981 1634 1717 1769">
     <span class='ocr_line' id='line_1_57' title="bbox 1028 1634 1716 1681; baseline -0.001 -10"><span class='ocrx_word' id='word_1_359' title='bbox 1028 1642 1060 1672; x_wconf 74' lang='lat'>2.</span> <span class='ocrx_word' id='word_1_360' title='bbox 1087 1641 1127 1671; x_wconf 70' lang='lat' dir='ltr'>ut</span> <span class='ocrx_word' id='word_1_361' title='bbox 1153 1648 1213 1681; x_wconf 69' lang='lat' dir='ltr'>eqo</span> <span class='ocrx_word' id='word_1_362' title='bbox 1234 1648 1307 1672; x_wconf 71' lang='lat' dir='ltr'>reon</span> <span class='ocrx_word' id='word_1_363' title='bbox 1326 1636 1459 1681; x_wconf 84' lang='lat' dir='ltr'>dicam]</span> <span class='ocrx_word' id='word_1_364' title='bbox 1486 1636 1621 1671; x_wconf 87' lang='lat' dir='ltr'>ebenso</span> <span class='ocrx_word' id='word_1_365' title='bbox 1642 1634 1716 1670; x_wconf 84' lang='lat' dir='ltr'>Cic.</span> 
     </span>
     <span class='ocr_line' id='line_1_58' title="bbox 981 1681 1717 1728; baseline -0.003 -10"><span class='ocrx_word' id='word_1_366' title='bbox 981 1685 1084 1719; x_wconf 78' lang='lat' dir='ltr'>Verr.</span> <span class='ocrx_word' id='word_1_367' title='bbox 1112 1688 1144 1727; x_wconf 83' lang='lat'>5,</span> <span class='ocrx_word' id='word_1_368' title='bbox 1168 1688 1244 1727; x_wconf 85' lang='lat'>179,</span> <span class='ocrx_word' id='word_1_369' title='bbox 1287 1684 1450 1728; x_wconf 82' lang='lat' dir='ltr'>‘gesetzt</span> <span class='ocrx_word' id='word_1_370' title='bbox 1485 1685 1598 1726; x_wconf 87' lang='lat' dir='ltr'>auch,</span> <span class='ocrx_word' id='word_1_371' title='bbox 1636 1681 1717 1717; x_wconf 84' lang='lat' dir='ltr'>dass</span> 
     </span>
     <span class='ocr_line' id='line_1_59' title="bbox 981 1731 1434 1769; baseline -0.002 -3"><span class='ocrx_word' id='word_1_372' title='bbox 981 1732 1041 1766; x_wconf 91' lang='lat' dir='ltr'>ich</span> <span class='ocrx_word' id='word_1_373' title='bbox 1067 1733 1187 1767; x_wconf 85' lang='lat' dir='ltr'>davon</span> <span class='ocrx_word' id='word_1_374' title='bbox 1214 1731 1434 1769; x_wconf 68' lang='lat' dir='ltr'>schweige’.</span> 
     </span>
    </p>

    <p class='ocr_par' dir='ltr' id='par_1_22' title="bbox 979 1777 1719 1870">
     <span class='ocr_line' id='line_1_60' title="bbox 1028 1777 1719 1824; baseline -0.004 -10"><span class='ocrx_word' id='word_1_375' title='bbox 1028 1783 1146 1814; x_wconf 77' lang='lat' dir='ltr'>actam</span> <span class='ocrx_word' id='word_1_376' title='bbox 1171 1779 1256 1824; x_wconf 78' lang='lat' dir='ltr'>esse]</span> <span class='ocrx_word' id='word_1_377' title='bbox 1292 1777 1375 1822; x_wconf 86' lang='lat' dir='ltr'>Vgl.</span> <span class='ocrx_word' id='word_1_378' title='bbox 1401 1777 1492 1823; x_wconf 85' lang='lat' dir='ltr'>Kap.</span> <span class='ocrx_word' id='word_1_379' title='bbox 1519 1781 1580 1820; x_wconf 79' lang='lat'>24,</span> <span class='ocrx_word' id='word_1_380' title='bbox 1598 1781 1618 1812; x_wconf 92' lang='lat'><strong>5</strong></span> <span class='ocrx_word' id='word_1_381' title='bbox 1643 1777 1719 1812; x_wconf 90' lang='lat' dir='ltr'>und</span> 
     </span>
     <span class='ocr_line' id='line_1_61' title="bbox 979 1830 1094 1870; baseline -0.017 -9"><span class='ocrx_word' id='word_1_382' title='bbox 979 1831 1036 1870; x_wconf 84' lang='lat'>49,</span> <span class='ocrx_word' id='word_1_383' title='bbox 1063 1830 1094 1861; x_wconf 86' lang='lat'>8.</span> 
     </span>
    </p>

    <p class='ocr_par' dir='ltr' id='par_1_23' title="bbox 979 1871 1719 1966">
     <span class='ocr_line' id='line_1_62' title="bbox 1030 1871 1719 1908; baseline -0.003 0"><span class='ocrx_word' id='word_1_384' title='bbox 1030 1878 1062 1908; x_wconf 92' lang='lat'>3.</span> <span class='ocrx_word' id='word_1_385' title='bbox 1094 1884 1157 1908; x_wconf 74' lang='lat' dir='ltr'>nec</span> <span class='ocrx_word' id='word_1_386' title='bbox 1182 1873 1290 1907; x_wconf 84' lang='lat' dir='ltr'>leitet</span> <span class='ocrx_word' id='word_1_387' title='bbox 1315 1872 1395 1907; x_wconf 87' lang='lat' dir='ltr'>eine</span> <span class='ocrx_word' id='word_1_388' title='bbox 1415 1872 1640 1907; x_wconf 82' lang='lat' dir='ltr'>Parenthese</span> <span class='ocrx_word' id='word_1_389' title='bbox 1659 1871 1719 1906; x_wconf 86' lang='lat' dir='ltr'>ein</span> 
     </span>
     <span class='ocr_line' id='line_1_63' title="bbox 979 1918 1685 1966; baseline -0.006 -10"><span class='ocrx_word' id='word_1_390' title='bbox 979 1922 1061 1966; x_wconf 89' lang='lat' dir='ltr'>(wie</span> <span class='ocrx_word' id='word_1_391' title='bbox 1088 1921 1143 1955; x_wconf 90' lang='lat' dir='ltr'>oft</span> <span class='ocrx_word' id='word_1_392' title='bbox 1167 1923 1213 1965; x_wconf 82' lang='lat' dir='ltr'>et)</span> <span class='ocrx_word' id='word_1_393' title='bbox 1239 1931 1274 1954; x_wconf 87' lang='lat'>11.</span> <span class='ocrx_word' id='word_1_394' title='bbox 1300 1920 1483 1954; x_wconf 87' lang='lat' dir='ltr'>verbietet</span> <span class='ocrx_word' id='word_1_395' title='bbox 1507 1918 1685 1964; x_wconf 82' lang='lat' dir='ltr'>zugleich.</span> 
     </span>
    </p>

    <p class='ocr_par' dir='ltr' id='par_1_24' title="bbox 976 1965 1719 2437">
     <span class='ocr_line' id='line_1_64' title="bbox 1018 1965 1717 2058; baseline -0.004 -9"><span class='ocrx_word' id='word_1_396' title='bbox 1018 1965 1717 2058; x_wconf 50' lang='lat' dir='ltr'>iffffl&#39;ssfffflfuiSSZQmDZfftewffl</span> 
     </span>
     <span class='ocr_line' id='line_1_65' title="bbox 979 2028 1312 2050; baseline -0.006 0"><span class='ocrx_word' id='word_1_397' title='bbox 979 2029 1014 2050; x_wconf 83' lang='lat' dir='ltr'>m</span> <span class='ocrx_word' id='word_1_398' title='bbox 1092 2043 1095 2045; x_wconf 79' lang='lat'>,</span> <span class='ocrx_word' id='word_1_399' title='bbox 1115 2028 1126 2049; x_wconf 76' lang='lat' dir='ltr'><em>l</em></span> <span class='ocrx_word' id='word_1_400' title='bbox 1270 2031 1312 2042; x_wconf 90' lang='lat'>=</span> 
     </span>
     <span class='ocr_line' id='line_1_66' title="bbox 980 2025 1718 2106; baseline -0.005 -9"><span class='ocrx_word' id='word_1_401' title='bbox 980 2062 1088 2104; x_wconf 85' lang='lat' dir='ltr'>auch)</span> <span class='ocrx_word' id='word_1_402' title='bbox 1122 2061 1329 2106; x_wconf 85' lang='lat' dir='ltr'>entsprieht</span> <span class='ocrx_word' id='word_1_403' title='bbox 1339 2026 1429 2095; x_wconf 64' lang='lat' dir='ltr'>qder</span> <span class='ocrx_word' id='word_1_404' title='bbox 1448 2025 1718 2094; x_wconf 68' lang='lat' dir='ltr'>qVVirklichkeit</span> 
     </span>
     <span class='ocr_line' id='line_1_67' title="bbox 979 2106 1719 2151; baseline -0.005 -7"><span class='ocrx_word' id='word_1_405' title='bbox 979 2122 1013 2144; x_wconf 89' lang='lat' dir='ltr'>u.</span> <span class='ocrx_word' id='word_1_406' title='bbox 1040 2111 1088 2143; x_wconf 85' lang='lat' dir='ltr'>ist</span> <span class='ocrx_word' id='word_1_407' title='bbox 1113 2108 1208 2143; x_wconf 87' lang='lat' dir='ltr'>bloss</span> <span class='ocrx_word' id='word_1_408' title='bbox 1234 2109 1271 2142; x_wconf 86' lang='lat' dir='ltr'>in</span> <span class='ocrx_word' id='word_1_409' title='bbox 1297 2109 1361 2142; x_wconf 89' lang='lat' dir='ltr'>der</span> <span class='ocrx_word' id='word_1_410' title='bbox 1383 2106 1625 2151; x_wconf 83' lang='lat' dir='ltr'>Verbindung</span> <span class='ocrx_word' id='word_1_411' title='bbox 1650 2106 1719 2141; x_wconf 88' lang='lat' dir='ltr'>mit</span> 
     </span>
     <span class='ocr_line' id='line_1_68' title="bbox 976 2154 1718 2201; baseline -0.004 -10"><span class='ocrx_word' id='word_1_412' title='bbox 976 2157 1119 2201; x_wconf 78' lang='lat' dir='ltr'>putatis</span> <span class='ocrx_word' id='word_1_413' title='bbox 1136 2156 1174 2190; x_wconf 89' lang='lat' dir='ltr'>in</span> <span class='ocrx_word' id='word_1_414' title='bbox 1194 2155 1264 2189; x_wconf 81' lang='lat' dir='ltr'>den</span> <span class='ocrx_word' id='word_1_415' title='bbox 1278 2154 1384 2199; x_wconf 85' lang='lat' dir='ltr'>Konj.</span> <span class='ocrx_word' id='word_1_416' title='bbox 1405 2156 1571 2199; x_wconf 87' lang='lat' dir='ltr'>getreten</span> <span class='ocrx_word' id='word_1_417' title='bbox 1587 2155 1647 2198; x_wconf 90' lang='lat'>(=</span> <span class='ocrx_word' id='word_1_418' title='bbox 1660 2154 1718 2197; x_wconf 82' lang='lat' dir='ltr'>fa-</span> 
     </span>
     <span class='ocr_line' id='line_1_69' title="bbox 981 2201 1718 2246; baseline -0.005 -8"><span class='ocrx_word' id='word_1_419' title='bbox 981 2204 1146 2239; x_wconf 72' lang='lat' dir='ltr'>ciendum</span> <span class='ocrx_word' id='word_1_420' title='bbox 1166 2213 1240 2236; x_wconf 73' lang='lat' dir='ltr'>nrm</span> <span class='ocrx_word' id='word_1_421' title='bbox 1259 2201 1485 2246; x_wconf 73' lang='lat' dir='ltr'>censuerim);</span> <span class='ocrx_word' id='word_1_422' title='bbox 1506 2201 1571 2235; x_wconf 83' lang='lat' dir='ltr'>der</span> <span class='ocrx_word' id='word_1_423' title='bbox 1589 2201 1718 2235; x_wconf 89' lang='lat' dir='ltr'>zweite</span> 
     </span>
     <span class='ocr_line' id='line_1_70' title="bbox 982 2247 1719 2295; baseline -0.003 -11"><span class='ocrx_word' id='word_1_424' title='bbox 982 2250 1112 2295; x_wconf 81' lang='lat' dir='ltr'>(‘auch</span> <span class='ocrx_word' id='word_1_425' title='bbox 1132 2249 1279 2292; x_wconf 85' lang='lat' dir='ltr'>wenn’)</span> <span class='ocrx_word' id='word_1_426' title='bbox 1305 2249 1353 2282; x_wconf 86' lang='lat' dir='ltr'>ist</span> <span class='ocrx_word' id='word_1_427' title='bbox 1377 2248 1619 2292; x_wconf 77' lang='lat' dir='ltr'>unabh&#39;angig</span> <span class='ocrx_word' id='word_1_428' title='bbox 1643 2247 1719 2282; x_wconf 88' lang='lat' dir='ltr'>und</span> 
     </span>
     <span class='ocr_line' id='line_1_71' title="bbox 982 2293 1719 2332; baseline -0.004 -1"><span class='ocrx_word' id='word_1_429' title='bbox 982 2297 1085 2332; x_wconf 78' lang='lat' dir='ltr'>stellt</span> <span class='ocrx_word' id='word_1_430' title='bbox 1110 2297 1192 2331; x_wconf 88' lang='lat' dir='ltr'>eine</span> <span class='ocrx_word' id='word_1_431' title='bbox 1218 2297 1283 2330; x_wconf 90' lang='lat' dir='ltr'>der</span> <span class='ocrx_word' id='word_1_432' title='bbox 1302 2294 1567 2330; x_wconf 84' lang='lat' dir='ltr'>Wirklichkeit</span> <span class='ocrx_word' id='word_1_433' title='bbox 1589 2293 1719 2329; x_wconf 87' lang='lat' dir='ltr'>wider-</span> 
     </span>
     <span class='ocr_line' id='line_1_72' title="bbox 981 2342 1719 2389; baseline -0.003 -11"><span class='ocrx_word' id='word_1_434' title='bbox 981 2344 1206 2389; x_wconf 88' lang='lat' dir='ltr'>sprechende</span> <span class='ocrx_word' id='word_1_435' title='bbox 1232 2342 1454 2387; x_wconf 86' lang='lat' dir='ltr'>Bedingung</span> <span class='ocrx_word' id='word_1_436' title='bbox 1491 2343 1549 2389; x_wconf 90' lang='lat'>(-—-</span> <span class='ocrx_word' id='word_1_437' title='bbox 1579 2343 1613 2377; x_wconf 81' lang='lat' dir='ltr'>si</span> <span class='ocrx_word' id='word_1_438' title='bbox 1643 2345 1719 2376; x_wconf 74' lang='lat' dir='ltr'>tum</span> 
     </span>
     <span class='ocr_line' id='line_1_73' title="bbox 981 2390 1568 2437; baseline -0.003 -11"><span class='ocrx_word' id='word_1_439' title='bbox 981 2392 1213 2437; x_wconf 74' lang='lat' dir='ltr'>miyrmzdum</span> <span class='ocrx_word' id='word_1_440' title='bbox 1239 2401 1309 2425; x_wconf 81' lang='lat' dir='ltr'>esse</span> <span class='ocrx_word' id='word_1_441' title='bbox 1334 2390 1568 2434; x_wconf 76' lang='lat' dir='ltr'>censuissem).</span> 
     </span>
    </p>

    <p class='ocr_par' dir='ltr' id='par_1_25' title="bbox 978 2436 1720 2812">
     <span class='ocr_line' id='line_1_74' title="bbox 1029 2436 1719 2484; baseline -0.004 -12"><span class='ocrx_word' id='word_1_442' title='bbox 1029 2444 1060 2472; x_wconf 86' lang='lat'>4.</span> <span class='ocrx_word' id='word_1_443' title='bbox 1087 2438 1187 2484; x_wconf 84' lang='lat' dir='ltr'>esset]</span> <span class='ocrx_word' id='word_1_444' title='bbox 1214 2438 1319 2472; x_wconf 84' lang='lat' dir='ltr'>nicht</span> <span class='ocrx_word' id='word_1_445' title='bbox 1343 2438 1480 2480; x_wconf 76' lang='lat' dir='ltr'>fuisset,</span> <span class='ocrx_word' id='word_1_446' title='bbox 1505 2436 1628 2470; x_wconf 87' lang='lat' dir='ltr'>indem</span> <span class='ocrx_word' id='word_1_447' title='bbox 1655 2437 1719 2470; x_wconf 88' lang='lat' dir='ltr'>der</span> 
     </span>
     <span class='ocr_line' id='line_1_75' title="bbox 982 2481 1720 2530; baseline -0.005 -10"><span class='ocrx_word' id='word_1_448' title='bbox 982 2485 1068 2529; x_wconf 88' lang='lat' dir='ltr'>Sieg</span> <span class='ocrx_word' id='word_1_449' title='bbox 1105 2490 1200 2520; x_wconf 79' lang='lat' dir='ltr'>auch</span> <span class='ocrx_word' id='word_1_450' title='bbox 1237 2485 1333 2530; x_wconf 84' lang='lat' dir='ltr'>jetzt</span> <span class='ocrx_word' id='word_1_451' title='bbox 1369 2483 1482 2527; x_wconf 88' lang='lat' dir='ltr'>noch,</span> <span class='ocrx_word' id='word_1_452' title='bbox 1519 2482 1617 2518; x_wconf 85' lang='lat' dir='ltr'>nach</span> <span class='ocrx_word' id='word_1_453' title='bbox 1655 2481 1720 2517; x_wconf 90' lang='lat' dir='ltr'>der</span> 
     </span>
     <span class='ocr_line' id='line_1_76' title="bbox 979 2529 1717 2576; baseline -0.004 -10"><span class='ocrx_word' id='word_1_454' title='bbox 979 2532 1293 2576; x_wconf 81' lang='lat' dir='ltr'>Auswanderung,</span> <span class='ocrx_word' id='word_1_455' title='bbox 1308 2531 1372 2564; x_wconf 85' lang='lat' dir='ltr'>der</span> <span class='ocrx_word' id='word_1_456' title='bbox 1386 2530 1510 2565; x_wconf 87' lang='lat' dir='ltr'>Grund</span> <span class='ocrx_word' id='word_1_457' title='bbox 1524 2529 1717 2565; x_wconf 82' lang='lat' dir='ltr'>derselben</span> 
     </span>
     <span class='ocr_line' id='line_1_77' title="bbox 979 2576 1716 2615; baseline -0.004 -2"><span class='ocrx_word' id='word_1_458' title='bbox 979 2584 1106 2615; x_wconf 73' lang='lat' dir='ltr'>ware.</span> <span class='ocrx_word' id='word_1_459' title='bbox 1167 2578 1258 2612; x_wconf 61' lang='lat' dir='ltr'>Adeo</span> <span class='ocrx_word' id='word_1_460' title='bbox 1295 2576 1346 2612; x_wconf 82' lang='lat' dir='ltr'>ist</span> <span class='ocrx_word' id='word_1_461' title='bbox 1381 2582 1458 2612; x_wconf 80' lang='lat' dir='ltr'>tum</span> <span class='ocrx_word' id='word_1_462' title='bbox 1494 2576 1575 2611; x_wconf 88' lang='lat' dir='ltr'>hier</span> <span class='ocrx_word' id='word_1_463' title='bbox 1611 2576 1716 2610; x_wconf 88' lang='lat' dir='ltr'>nicht</span> 
     </span>
     <span class='ocr_line' id='line_1_78' title="bbox 978 2623 1714 2671; baseline -0.005 -10"><span class='ocrx_word' id='word_1_464' title='bbox 978 2626 1164 2671; x_wconf 79' lang='lat' dir='ltr'>tempora]</span> <span class='ocrx_word' id='word_1_465' title='bbox 1194 2627 1253 2669; x_wconf 85' lang='lat'>(=</span> <span class='ocrx_word' id='word_1_466' title='bbox 1280 2625 1436 2667; x_wconf 83' lang='lat' dir='ltr'>damals)</span> <span class='ocrx_word' id='word_1_467' title='bbox 1469 2623 1714 2666; x_wconf 83' lang='lat' dir='ltr'>aufzufassen,</span> 
     </span>
     <span class='ocr_line' id='line_1_79' title="bbox 981 2670 1715 2714; baseline -0.005 -6"><span class='ocrx_word' id='word_1_468' title='bbox 981 2674 1137 2708; x_wconf 85' lang='lat' dir='ltr'>sondern</span> <span class='ocrx_word' id='word_1_469' title='bbox 1163 2683 1201 2707; x_wconf 88' lang='lat' dir='ltr'>es</span> <span class='ocrx_word' id='word_1_470' title='bbox 1226 2672 1376 2706; x_wconf 81' lang='lat' dir='ltr'>vertritt</span> <span class='ocrx_word' id='word_1_471' title='bbox 1394 2671 1475 2706; x_wconf 89' lang='lat' dir='ltr'>eine</span> <span class='ocrx_word' id='word_1_472' title='bbox 1494 2670 1715 2714; x_wconf 87' lang='lat' dir='ltr'>Bedingung</span> 
     </span>
     <span class='ocr_line' id='line_1_80' title="bbox 981 2717 1714 2765; baseline -0.004 -10"><span class='ocrx_word' id='word_1_473' title='bbox 981 2720 1154 2765; x_wconf 80' lang='lat' dir='ltr'>(‘dann’)</span> <span class='ocrx_word' id='word_1_474' title='bbox 1180 2732 1213 2754; x_wconf 91' lang='lat' dir='ltr'>u.</span> <span class='ocrx_word' id='word_1_475' title='bbox 1240 2718 1427 2764; x_wconf 74' lang='lat' dir='ltr'>miyrandi</span> <span class='ocrx_word' id='word_1_476' title='bbox 1451 2717 1550 2753; x_wconf 86' lang='lat' dir='ltr'>steht</span> <span class='ocrx_word' id='word_1_477' title='bbox 1569 2728 1641 2752; x_wconf 84' lang='lat' dir='ltr'>von</span> <span class='ocrx_word' id='word_1_478' title='bbox 1661 2720 1714 2752; x_wconf 88' lang='lat' dir='ltr'>et-</span> 
     </span>
     <span class='ocr_line' id='line_1_81' title="bbox 982 2768 1375 2812; baseline -0.01 -9"><span class='ocrx_word' id='word_1_479' title='bbox 982 2779 1056 2802; x_wconf 85' lang='lat' dir='ltr'>was</span> <span class='ocrx_word' id='word_1_480' title='bbox 1082 2768 1375 2812; x_wconf 85' lang='lat' dir='ltr'>Vergangenem.</span> 
     </span>
    </p>

    <p class='ocr_par' dir='ltr' id='par_1_26' title="bbox 981 2810 1715 2904">
     <span class='ocr_line' id='line_1_82' title="bbox 1027 2810 1715 2859; baseline -0.007 -10"><span class='ocrx_word' id='word_1_481' title='bbox 1027 2814 1090 2859; x_wconf 80' lang='lat' dir='ltr'>est]</span> <span class='ocrx_word' id='word_1_482' title='bbox 1120 2814 1206 2848; x_wconf 86' lang='lat' dir='ltr'>Man</span> <span class='ocrx_word' id='word_1_483' title='bbox 1225 2812 1399 2847; x_wconf 84' lang='lat' dir='ltr'>erwartet</span> <span class='ocrx_word' id='word_1_484' title='bbox 1417 2812 1496 2854; x_wconf 75' lang='lat' dir='ltr'>erit,</span> <span class='ocrx_word' id='word_1_485' title='bbox 1515 2811 1584 2846; x_wconf 83' lang='lat' dir='ltr'>wie</span> <span class='ocrx_word' id='word_1_486' title='bbox 1603 2810 1715 2845; x_wconf 81' lang='lat' dir='ltr'>nach-</span> 
     </span>
     <span class='ocr_line' id='line_1_83' title="bbox 981 2857 1714 2904; baseline -0.007 -8"><span class='ocrx_word' id='word_1_487' title='bbox 981 2863 1047 2896; x_wconf 88' lang='lat' dir='ltr'>her</span> <span class='ocrx_word' id='word_1_488' title='bbox 1077 2861 1276 2896; x_wconf 75' lang='lat' dir='ltr'>videbimur</span> <span class='ocrx_word' id='word_1_489' title='bbox 1308 2858 1414 2904; x_wconf 82' lang='lat' dir='ltr'>folgt.</span> <span class='ocrx_word' id='word_1_490' title='bbox 1465 2857 1567 2893; x_wconf 86' lang='lat' dir='ltr'>Doch</span> <span class='ocrx_word' id='word_1_491' title='bbox 1591 2858 1640 2892; x_wconf 83' lang='lat' dir='ltr'>ist</span> <span class='ocrx_word' id='word_1_492' title='bbox 1664 2859 1714 2892; x_wconf 75' lang='lat' dir='ltr'>est</span> 
     </span>
    </p>
   </div>
  </div>
 </body>
</html>
