1794 3084
659 105 803 141 LIBER
829 105 925 141 VIII.
971 104 1070 140 CAP.
1093 107 1147 139 39.
1482 122 1507 140 a.
1528 122 1557 141 u.
1576 121 1601 140 e.
1621 114 1686 141 432.

134 219 505 269 sternatorumque
557 228 778 269 equorum,
829 227 966 268 neque
1010 226 1179 268 pugnae
1222 226 1358 266 neque
1405 212 1532 266 fugae
1581 211 1687 253 satis

138 278 332 329 potentes
372 273 616 316 caeduntur.
678 275 771 313 tum
814 272 952 313 deleto
993 286 1126 326 prope
1168 271 1360 325 equitatu
1404 270 1594 312 hostium
1631 269 1689 311 M.

136 334 293 375 Fabius
333 332 632 374 circumductis
670 331 846 385 paulum
898 331 977 372 alis
1022 331 1075 371 ab
1120 332 1242 384 tergo
1281 329 1523 383 pedestrem
1554 328 1688 370 aciem

136 393 338 435 adoritur.
401 391 561 433 clamor
598 390 697 431 inde
737 404 874 432 novus
916 389 1110 431 accidens
1149 391 1192 429 et
1233 387 1490 429 Samnitium
1533 387 1689 429 terruit

134 452 317 501 animos,
363 453 405 491 et
450 450 651 502 dictator,
695 449 768 490 ubi
812 450 1103 502 respectantes
1144 447 1336 488 hostium
1378 446 1688 501 antesignanos

133 511 391 563 turbataque
435 509 558 563 signa
600 511 642 549 et
681 507 959 549 fluctuantem
1000 507 1135 548 aciem
1167 506 1291 559 vidit,
1335 509 1428 547 tum
1461 504 1690 560 appellare,

133 572 225 609 tum
264 568 483 609 adhortari
522 567 701 618 milites,
737 566 936 608 tribunos
974 566 1275 620 principesque
1315 564 1513 606 ordinum
1551 562 1690 605 nomi-

134 628 271 668 natim
305 627 357 667 ad
389 626 628 667 iterandam
668 640 811 667 secum
849 638 1039 680 pugnam
1077 638 1242 665 vocare.
1304 625 1462 665 novato
1502 622 1689 664 clamore

136 687 262 741 signa
292 686 551 737 inferuntur,
584 688 643 738 et,
683 684 886 738 quidquid
918 682 1320 738 progrediebantur,
1359 681 1500 735 magis
1532 680 1692 735 magis--

139 759 219 799 que
264 745 463 785 turbatos
502 744 646 785 hostes
692 742 934 785 cernebant.
994 756 1122 796 eques
1160 742 1250 795 ipse
1290 740 1374 782 iam
1413 740 1563 794 primis
1601 741 1694 781 erat

137 804 179 844 in
218 806 468 857 conspectu,
513 806 555 843 et
588 802 812 844 Cornelius
851 801 1083 856 respiciens
1123 800 1174 841 ad
1212 799 1454 853 manipulos
1492 797 1691 853 militum,

136 862 248 916 quod
280 877 423 916 manu,
457 861 569 915 quod
600 875 701 902 voce
735 863 915 915 poterat,
948 859 1220 901 monstrabat
1251 859 1407 899 vexilla
1439 872 1483 899 se
1516 871 1689 899 suorum

87 933 103 962 τ
134 935 389 975 parmasque
422 934 592 962 cernere
625 919 829 974 equitum.
893 919 1006 973 quod
1044 918 1119 959 ubi
1151 917 1342 959 auditum
1376 916 1503 958 simul
1535 917 1692 957 visum-

69 1462 105 1491 10

133 994 213 1034 que
253 982 332 1030 est,
376 979 480 1020 adeo
519 983 692 1032 repente
731 978 893 1020 laboris
926 992 1001 1032 per
1033 977 1144 1018 diem
1182 989 1317 1030 paene
1348 978 1488 1017 totum
1520 974 1693 1016 tolerati

131 1039 438 1093 vulnerumque
479 1038 603 1079 obliti
649 1040 772 1088 sunt,
818 1040 866 1078 ut
909 1036 1022 1078 haud
1062 1049 1202 1089 secus,
1247 1049 1376 1089 quam
1412 1034 1450 1075 si
1492 1036 1586 1075 tum
1627 1033 1692 1074 in-

131 1098 243 1152 tegri
283 1111 303 1137 e
343 1097 494 1138 castris
535 1097 705 1152 signum
751 1109 923 1150 pugnae
965 1095 1249 1148 accepissent,
1293 1092 1603 1135 concitaverint
1647 1105 1692 1133 se

133 1156 177 1196 in
208 1156 390 1197 hostem.
453 1170 532 1197 nec
572 1156 685 1196 ultra
725 1153 894 1196 Samnis
932 1155 1115 1196 tolerare
1153 1156 1360 1194 terrorem
1399 1151 1587 1206 equitum
1619 1165 1692 1205 pe-

135 1214 356 1269 ditumque
383 1215 468 1255 vim
495 1214 654 1269 potuit,
687 1214 846 1267 partim
874 1214 918 1254 in
951 1213 1090 1254 medio
1124 1212 1247 1266 caesi,
1277 1210 1436 1265 partim
1468 1210 1514 1251 in
1543 1209 1692 1264 fugam

133 1273 329 1327 dissipati
370 1275 480 1314 sunt.
542 1272 669 1325 pedes
715 1275 926 1314 restantes
970 1286 1019 1313 ac
1063 1271 1376 1312 circumventos
1423 1268 1594 1324 cecidit3
1638 1267 1691 1309 ab

133 1332 275 1386 equite
313 1331 571 1386 fugientium
613 1333 782 1385 strages
822 1334 888 1372 est
926 1330 1056 1384 facta,
1102 1330 1213 1370 inter
1255 1343 1362 1383 quos
1401 1331 1445 1370 et
1481 1328 1574 1382 ipse
1613 1327 1692 1368 im-

132 1393 304 1445 perator
337 1390 499 1431 cecidit.

251 1448 344 1490 Hoc
378 1448 546 1489 demum
578 1448 788 1502 proelium
823 1446 1080 1488 Samnitium
1111 1460 1179 1487 res
1212 1447 1275 1487 ita
1306 1444 1496 1499 infregit,
1528 1446 1577 1485 ut
1603 1458 1693 1486 om-

131 1507 258 1548 nibus
298 1507 493 1549 conciliis
532 1507 764 1548 fremerent
805 1507 978 1547 minime
1016 1505 1059 1546 id
1099 1504 1269 1559 quidem
1307 1504 1462 1544 mirum
1496 1516 1606 1556 esse,
1653 1502 1690 1543 si

132 1566 263 1621 impio
290 1566 403 1607 bello
431 1568 473 1607 et
499 1568 649 1607 contra
673 1564 823 1607 foedus
851 1566 1063 1619 suscepto,
1093 1563 1390 1604 infestioribus
1418 1561 1570 1603 merito
1599 1560 1690 1601 deis

953 1689 1194 1726 Gewohnlich
1214 1689 1393 1724 bedeutet
1414 1688 1697 1723 novare‘Neue-

951 1748 1095 1782 rungen
1134 1748 1181 1772 an
1217 1739 1331 1772 etwas
1369 1735 1612 1778 vornehmen,
1656 1744 1695 1769 es

952 1784 1106 1820 ‘andern’
1135 1783 1187 1830 (4,
1208 1787 1264 1827 33,
1287 1787 1325 1825 ’ἲς
1351 1783 1390 1828 5,
1411 1786 1443 1825 2,
1464 1786 1484 1817 2
1510 1793 1545 1817 u.
1567 1782 1646 1826 oft).

998 1831 1194 1876 quidquid]
1236 1831 1293 1876 ‘je
1324 1829 1449 1864 mehr’
1492 1829 1551 1876 (7,
1573 1833 1635 1873 32,
1656 1832 1694 1871 ὃς

952 1878 1143 1923 21,54‚8;
1169 1878 1234 1924 31,
1252 1880 1336 1921 1‚5;
1362 1875 1495 1922 34,62‚
1513 1878 1580 1921 12).

993 1926 1142 1971 primis]
1168 1925 1280 1959 n'aml.
1308 1924 1373 1958 der
1397 1924 1544 1959 Romer.

1000 1977 1032 2008 6.
1057 1972 1221 2017 suorum]
1234 1971 1323 2006 weit
1334 1979 1694 2015 vorausgenommen

132 1692 216 1738 Vgl.
233 1693 295 1737 10,
308 1697 417 1735 36,13
445 1693 626 1727 obiacente
646 1693 880 1727 sarcinarum

132 1741 296 1784 cumulo;
321 1739 359 1784 2,
382 1743 437 1781 (35,
458 1744 496 1782 43
523 1739 561 1784 9,
584 1743 616 1782 2,
638 1743 669 1774 9.

177 1787 354 1833 potentes]
370 1787 437 1821 mit
446 1787 536 1822 Gen.
549 1785 680 1830 ‘fabig,
691 1785 879 1820 imstande

132 1834 203 1868 zu’.
244 1833 329 1878 Vgl.
356 1833 442 1868 Tac.
469 1833 566 1868 Hist.
588 1838 620 1876 3,
638 1837 681 1867 70
713 1833 880 1868 Vitellius

132 1881 209 1925 ipse
248 1892 359 1926 neque
397 1881 547 1915 iubendi
583 1891 696 1925 ‘neque
732 1881 880 1915 vetandi

129 1931 256 1972 potens
281 1932 368 1963 erat.

181 1979 212 2010 3.
240 1975 326 2021 alis]
354 1975 427 2009 Der
447 1974 641 2009 Ausdruck
662 1973 880 2009 bezeichnet

134 2021 215 2056 hier
234 2022 446 2066 uberhaupt
466 2020 524 2055 die
540 2021 793 2065 Abteilungen
814 2020 880 2055 der

134 2068 317 2110 Reiterei3
356 2067 394 2102 in
421 2068 556 2103 'alteret
583 2068 663 2103 Zeit
687 2068 813 2102 wurde
840 2079 879 2102 er

133 2115 362 2150 namentlich
395 2126 467 2149 von
502 2116 575 2149 den
607 2114 880 2149 Geschwadern

134 2162 199 2196 der
212 2162 543 2204 Bundesgenossen
558 2161 767 2206 gebraucht
781 2163 824 2206 (Z.
837 2161 878 2196 B.

134 2209 321 2255 10,29‚12
345 2208 613 2253 Campanorum
639 2210 748 2252 alam,
773 2210 879 2253 quin-

133 2259 256 2301 9ent03
280 2256 354 2298 sere
379 2256 534 2299 equites).

183 2307 214 2337 4.
242 2303 424 2348 accidens]
454 2302 564 2336 n‘ziml.
593 2302 642 2337 ad
662 2313 768 2337 aures
788 2302 877 2348 (vgl.

134 2349 227 2394 Kap.
254 2353 310 2391 24,
334 2351 405 2394 11).

183 2396 454 2441 antesiynanos]
490 2395 548 2430 die
574 2395 754 2430 vorderen
782 2395 879 2430 Glie-

136 2443 211 2486 der,
228 2444 294 2477 das
306 2442 579 2478 Vordertreffen
590 2442 678 2487 (vgl.
688 2442 779 2487 Kap.
789 2446 821 2486 8,
832 2444 877 2486 7).

184 2490 275 2536 tum]
321 2489 390 2524 Die
435 2489 748 2524 nachdrtickliche
793 2490 877 2524 Ein-

135 2537 299 2580 fiihrung
320 2537 384 2571 des
405 2536 654 2581 Hauptsatzes
675 2537 790 2571 durch
805 2540 880 2570 tum

137 2584 226 2627 (vgl.
260 2583 353 2628 Kap.
376 2587 413 2627 6,
437 2586 512 2627 12),
552 2584 611 2618 die
635 2584 761 2618 -selten
797 2594 879 2618 vor-

135 2631 358 2665 kommende
367 2630 567 2674 Anaphora
579 2630 642 2664 des
652 2629 879 2675 tmn(4‚33‚3)

136 2677 210 2711 und
237 2677 300 2712 der
321 2676 388 2711 Inf.
409 2677 494 2712 hist.
515 2676 705 2712 verleihen
732 2679 796 2712 der
815 2677 879 2711 Er-

136 2724 296 2767 zahlung
321 2723 601 2767 Lebendigkeit.

183 2771 367 2814 principes
378 2770 563 2816 ordinum]
573 2769 632 2804 die
640 2769 880 2814 Hauptleute,

137 2816 196 2851 die
223 2818 365 2852 Fiihrer
391 2818 455 2851 der
480 2817 656 2862 Manipel.

185 2866 217 2898 5.
232 2864 377 2910 not-ato]
392 2865 700 2909 =renovato,wie
709 2864 772 2909 26,
786 2867 880 2907 19,2.

952 2030 1020 2054 vor
1039 2020 1104 2054 das
1125 2018 1348 2063 zugehorige
1369 2017 1588 2052 Substantiv
1598 2017 1694 2061 equi-

951 2071 1047 2109 tum,
1085 2076 1215 2110 wegen
1248 2066 1311 2100 des
1342 2064 1588 2099 Nachdrucks
1619 2063 1695 2098 und

953 2114 1018 2148 der
1032 2113 1222 2148 beliebten
1238 2111 1621 2155 Zusammenstellung
1632 2110 1696 2144 der

952 2160 1175 2195 Pronomina
1199 2160 1306 2204 (Kap.
1327 2163 1383 2202 33,
1404 2159 1476 2203 22).

1001 2212 1031 2243 7.
1058 2218 1075 2242 e
1100 2207 1245 2252 castris]
1271 2205 1310 2240 in
1330 2216 1442 2249 enger
1455 2203 1698 2249 Verbindung

951 2255 1020 2288 mit
1057 2254 1210 2298 integri,
1254 2251 1590 2298 gleichbedeutend
1626 2252 1697 2286 mit

952 2313 968 2336 e
994 2302 1124 2336 eastris
1148 2302 1288 2345 eqressi.

999 2347 1274 2393 concitaverint]
1297 2364 1340 2376 =
1355 2346 1576 2382 concitarent
1588 2344 1694 2389 (Kap.

953 2399 996 2430 36
1032 2400 1048 2429 7
1071 2424 1076 2430 .

1000 2423 1031 2476 ἒ).
1053 2395 1246 2486 astantes]
1285 2439 1342 2474 An
1378 2439 1432 2474 elf
1460 2438 1602 2474 Stellen
1633 2447 1695 2481 ge-

952 2488 1113 2522 braucht
1133 2487 1260 2522 Livius
1279 2490 1415 2522 restare
1435 2496 1614 2530 synonym
1626 2484 1696 2517 mit

952 2536 1109 2577 obstare,
1147 2535 1308 2570 resistere
1346 2535 1395 2578 (z.
1424 2533 1465 2567 B.
1499 2533 1542 2577 6,
1569 2534 1629 2575 30,
1657 2533 1694 2573 53

952 2581 1015 2628 22,
1038 2585 1093 2625 29,
1114 2583 1162 2626 5).

969 2629 1094 2710 ρὲνιΐεν
1119 2639 1205 2672 quos
1230 2627 1277 2673 et]
1299 2644 1343 2656 =
1369 2627 1412 2662 in
1435 2625 1563 2671 quibus
1587 2624 1696 2659 etiam

1000 2677 1214 2767 iinperoitor]
1248 2720 1313 2755 der
1345 2717 1605 2755 Oberfeldherr
1631 2717 1695 2752 des

955 2769 1217 2804 samnitiscben
1243 2766 1528 2801 Bundesheeres.

1005 2819 1059 2850 10.
1088 2814 1271 2859 conciliis]
1298 2811 1383 2855 Vgl.
1408 2811 1503 2856 Kap.
1525 2814 1556 2853 3,
1577 2814 1610 2846 2.

1003 2865 1131 2898 contra
1156 2860 1297 2905 foedus]
1325 2859 1391 2893 das
1417 2858 1468 2892 im
1493 2858 1607 2893 Jahre
1627 2860 1696 2893 341
