1794 3084
76 156 102 175 a.
124 148 177 175 Ch.
196 155 225 174 n.
247 148 307 174 326.

572 135 716 171 LIBER
742 135 838 171 VIII.
885 135 986 171 CAP.
1007 139 1064 171 26.
1090 138 1148 170 27.
1587 134 1639 175 61

75 261 246 290 summa
276 246 339 288 rei
372 245 634 288 Graecorum
672 244 791 286 venit
828 268 876 275 --
914 243 1097 285 similius
1141 257 1243 286 vero
1287 242 1394 285 facit
1438 243 1557 297 ipsos
1598 242 1642 284 in

75 306 312 349 amicitiam
339 305 512 346 redisse.
555 303 743 346 Publilio
769 303 1017 358 triumphus
1044 303 1252 358 decretus,
1283 301 1396 358 quod
1423 301 1529 344 satis
1556 316 1642 344 cre·
1670 312 1688 343 7

75 365 258 408 debatur
290 364 514 407 obsidione
547 363 732 405 domitos
763 363 914 405 hostes
951 362 995 403 in
1033 361 1160 403 fidem
1197 362 1377 404 venisse.

1440 361 1523 403 duo
1557 361 1642 403 sin-

75 424 245 481 gularia
275 424 384 466 haec
410 424 450 465 01
475 424 568 465 viro
594 423 781 477 primum
802 421 1033 476 contigere,
1065 421 1318 477 prorogatio
1345 420 1528 476 imperii,
1554 435 1643 462 non

78 486 180 526 ante
212 483 258 525 in
289 483 377 525 ullo
404 483 533 537 facta,
566 485 609 523 et
643 485 738 523 acto
772 481 935 523 honore
967 480 1226 535 triumphus.

196 542 329 584 Aliud
356 541 536 584 subinde
569 541 730 583 bellum
767 554 863 582 011111
897 539 1073 581 alterius
1107 553 1206 581 orae
1235 538 1411 581 Graecis
1439 540 1646 581 exortum.
1656 537 1712 579 27

74 616 260 656 namque
293 601 535 658 Tarentini,
573 615 670 642 011111
708 614 798 641 rem
831 598 1205 653 Palaepolitanam
1237 613 1352 639 vana
1384 612 1459 654 spe
1492 598 1640 640 auxilii
1666 608 1687 639 2

75 661 341 716 aliquamdiu
374 660 693 713 sustinuissent,
724 660 956 714 postquam
989 657 1208 699 Romanos
1242 657 1346 699 urbe
1378 658 1542 724 potitos
1575 671 1642 699 ac-

75 735 236 775 cepere,
269 720 388 762 velut
419 719 618 761 destituti
646 732 694 759 ac
726 732 814 759 non
849 717 922 772 qui
953 716 1039 771 ipsi
1071 716 1387 771 destituissent,
1420 717 1642 771 inerepare

74 779 440 834 Palaepolitanos,
471 778 538 819 ira
571 780 700 833 atque
726 776 924 818 invidia
912 791 958 818 111
984 775 1205 817 Romanos
1231 776 1387 830 furere,
1420 790 1468 818 eo
1497 776 1642 830 etiam,

75 838 187 894 quod
226 838 422 881 Lucanos
469 840 513 879 et
553 837 720 891 Apulos
757 860 806 865 —
841 850 944 877 nam
988 837 1172 890 utraque
1211 849 1260 876 eo
1304 849 1416 877 anno
1459 836 1641 877 societas

75 900 228 964 coepta
264 900 331 939 est
365 921 415 926 —
456 897 502 938 in
539 896 667 938 fidem
704 895 857 950 populi
895 895 1081 937 Romani
1119 894 1286 936 venisse
1326 894 1518 936 adlatum
1558 896 1641 937 est:

75 957 234 1013 quippe
266 956 576 1012 propemodum
609 958 862 1010 perventum
895 953 949 996 ad
982 969 1027 995 se
1060 968 1166 1008 esse,
1198 954 1369 1008 iamque
1401 954 1447 994 in
1474 967 1522 995 eo
1549 968 1641 996 rem
1667 963 1688 994 3

76 1017 182 1067 fore,
214 1019 262 1058 ut
287 1015 473 1058 Romani
501 1017 576 1057 aut
602 1014 749 1056 hostes
772 1017 847 1056 aut
867 1013 1031 1056 domini
1049 1012 1237 1055 habendi
1267 1013 1367 1054 sint
1414 1012 1642 1055 discrimen
1667 1022 1690 1053 4

72 1075 267 1131 profecto
311 1090 456 1117 rerum
501 1088 676 1116 suarum
721 1073 768 1114 in
809 1073 925 1115 bello
971 1071 1232 1114 Samnitium
1271 1075 1511 1126 eventuque
1550 1072 1641 1114 eius

73 1135 203 1188 verti3
245 1149 339 1176 eam
379 1135 514 1176 solam
547 1136 721 1189 gentem
754 1135 934 1187 restare,
975 1146 1054 1174 nec
1093 1146 1188 1173 eam
1220 1132 1360 1186 ipsam
1399 1131 1504 1173 satis
1536 1131 1641 1173 vali-

73 1194 184 1248 dam,
216 1194 385 1248 quando
419 1193 618 1236 Lucanus
651 1192 872 1246 defecerit3
907 1206 1034 1246 quem
1065 1192 1261 1233 revocari
1288 1191 1427 1233 adhuc
1452 1190 1640 1245 impelli-
1667 1200 1687 1232 5

74 1267 154 1309 que
187 1253 240 1294 ad
273 1253 528 1295 abolendam
561 1252 814 1294 societatem
846 1250 1090 1293 Romanam
1121 1264 1262 1305 posse,
1295 1250 1333 1291 si
1365 1265 1449 1305 qua
1482 1264 1550 1291 ars
1579 1264 1640 1292 se-

72 1312 217 1354 rendis
251 1312 475 1355 discordiis
509 1311 778 1353 adhibeatur.

192 1371 310 1414 Haec
343 1372 526 1414 consilia
559 1385 655 1412 cum
693 1370 806 1425 apud
845 1369 1021 1424 cupidos
1062 1383 1208 1411 rerum
1239 1368 1538 1411 novandarum
1570 1384 1641 1410 va·
1668 1379 1688 1410 6

79 1431 278 1485 luissent,
311 1445 362 1473 ex
393 1432 615 1473 iuventute
648 1429 822 1485 quidam
854 1428 1126 1471 Lucanorum
1158 1429 1298 1483 pretio
1332 1428 1505 1482 adsciti,
1538 1428 1644 1470 clari

79 1491 220 1546 magis
252 1490 367 1532 inter
398 1491 630 1546 populares
658 1503 786 1544 quam
818 1488 1003 1544 honesti,
1035 1488 1150 1529 inter
1177 1502 1221 1529 se
1247 1488 1426 1529 mulcati
1451 1487 1535 1542 ipsi
1561 1487 1643 1529 vir-

73 1596 281 1640 polita‘num
329 1594 563 1638 bezeichnet‚
616 1593 723 1628 nicht
766 1593 821 1628 als

73 1643 406 1687 Palaepolitanam.

121 1701 262 1725 summa
286 1690 355 1735 ree]
384 1700 433 1725 sc.
448 1689 632 1734 publicae,
659 1687 718 1722 die
740 1687 820 1722 Lei-

76 1738 170 1782 tung
202 1736 267 1771 des
302 1737 460 1772 Staates.
487 1757 533 1762 —-
565 1735 710 1780 Neapel
744 1745 822 1769 war

75 1784 199 1819 fortan
217 1783 282 1819 das
294 1783 421 1829 Haupt
435 1784 499 1818 des
509 1782 820 1825 Gemeinwesens,

73 1832 234 1867 welches
249 1830 439 1876 Palapolis
455 1830 526 1865 mit
537 1829 722 1864 umfasste.
751 1829 820 1864 Die

73 1878 213 1914 Romer
242 1879 496 1923 bevorzugten
527 1877 688 1921 Neapel‚
732 1876 822 1912 viel-

73 1925 192 1961 leicht
217 1925 303 1961 weil
330 1937 368 1960 es
394 1925 506 1960 keine
525 1924 738 1969 Besatzung
758 1923 823 1958 der

75 1973 269 2009 Samniten
301 1974 375 2008 und
409 1973 573 2008 Nolaner
605 1971 823 2016 ausgenom-

75 2032 160 2055 men
187 2021 306 2065 hatte,
331 2021 401 2055 wie
428 2019 630 2064 Palapolis.

123 2069 283 2103 similius
307 2067 406 2114 vero]
434 2067 583 2102 Ebenso
610 2066 675 2112 10,
695 2069 821 2109 26,13.

76 2114 257 2150 Daneben
292 2116 410 2151 findet
446 2114 526 2149 sich
557 2115 634 2149 veri
664 2114 824 2148 similias

77 2163 196 2210 (5,11,
208 2167 246 2207 73
272 2163 312 2208 9,
321 2166 365 2198 37
371 2163 424 2207 ‚7)
445 2162 520 2196 und
541 2162 599 2196 die
614 2160 824 2195 Umschrei-

74 2210 178 2256 hung
208 2212 324 2256 mayis
355 2211 431 2246 veri
462 2209 578 2245 simile
614 2208 673 2254 (7,
701 2211 757 2251 27,
785 2211 822 2252 9-

79 2257 143 2304 21,
165 2261 222 2301 38,
242 2260 290 2301 4).

128 2309 160 2339 7.
187 2304 411 2350 triumphus]
462 2303 649 2338 Publilius
693 2302 824 2337 trium-

77 2351 225 2397 phierte
252 2363 311 2387 am
340 2356 371 2386 1.
399 2351 475 2385 Mai
510 2352 602 2386 fiber
633 2350 692 2385 die
720 2349 825 2384 Sam-

77 2399 182 2434 niten
208 2399 284 2434 und
309 2398 589 2444 Pal‘apolitaner
615 2397 726 2442 (nach
753 2397 824 2432 den

76 2445 447 2491 Triumphalfasten).

124 2493 355 2540 sinqularia]
383 2492 727 2536 Auszeichnungen.

127 2541 191 2576 27.
212 2546 241 2576 1.
251 2540 418 2586 subinde]
430 2557 474 2568 =
483 2540 624 2582 deinde,
632 2538 824 2574 unmittel-

77 2587 146 2623 bar
170 2589 312 2624 darauf.

127 2635 280 2671 alterius
317 2635 418 2681 orae]
457 2645 504 2669 an
538 2634 603 2669 der
639 2632 824 2669 &stlichen

79 2682 196 2718 Kfiste
222 2682 388 2718 ltaliens.

127 2733 161 2765 2.
186 2741 248 2775 spe
273 2729 426 2776 aua-ilii]
455 2729 539 2773 Vgl.
567 2728 659 2773 Kap.
676 2731 732 2772 25,
749 2732 780 2764 8.

128 2787 172 2812 ac
184 2777 275 2823 mon]
298 2778 336 2812 in
358 2778 422 2812 der
439 2776 708 2821 Berichtigung
723 2775 824 2810 eines

62 2823 336 2917 'Apsdruckeffi
382 2823 453 2859 wie
484 2823 578 2868 Kap.
607 2827 669 2868 31,
695 2826 717 2857 4
748 2823 825 2858 und

128 2923 160 2953 3.
187 2919 334 2965 quippe]
374 2917 486 2955 Diese
518 2917 688 2952 Partikel
719 2915 825 2952 dient

896 1593 957 1628 bei
983 1592 1162 1627 Dichtern
1189 1591 1266 1626 und
1300 1592 1339 1626 in
1365 1591 1430 1626 der
1456 1590 1645 1626 silbernen

896 1639 1080 1675 Latinitiit
1114 1638 1170 1673 oft
1201 1650 1265 1673 zur
1297 1639 1533 1683 Einffihrung
1562 1638 1639 1674 bei-

896 1688 1118 1731 geordneter
1133 1686 1448 1731 Begrfindungen,
1469 1686 1539 1721 wie
1557 1697 1644 1722 nam

897 1735 948 1780 (5,
971 1737 1027 1777 51,
1049 1738 1088 1775 2;
1115 1733 1154 1779 6,
1177 1737 1232 1776 16,
1254 1737 1291 1776 5;
1322 1734 1358 1780 7,
1380 1738 1436 1775 35,
1460 1734 1527 1779 10).

937 1785 1150 1826 perventum
1177 1781 1263 1827 esse]
1293 1780 1352 1816 die
1373 1780 1490 1816 Reihe
1516 1781 1586 1816 sei.
1603 1808 1635 1817 ..

895 1829 1129 1873 gekommen.

944 1877 985 1911 in
1011 1876 1065 1921 eo]
1092 1875 1203 1910 meist
1236 1874 1500 1920 unpersonlich
1535 1876 1577 1910 in
1602 1885 1642 1911 eo

896 1926 959 1966 est,
985 1927 1026 1958 ut
1053 1923 1107 1958 ‘es
1128 1923 1177 1957 ist
1197 1923 1329 1957 darum
1351 1934 1395 1957 zu
1414 1923 1519 1965 thun,
1541 1922 1638 1958 dass'

897 1970 951 2015 (2,
968 1974 1023 2013 17,
1040 1972 1086 2015 5),
1113 1970 1193 2005 hier
1213 1970 1282 2004 mit
1303 1969 1388 2005 dem
1409 1969 1567 2014 Subjekt
1586 1980 1644 2005 res

899 2018 953 2052 ‘es
979 2018 1030 2053 ist
1056 2018 1150 2052 dazu
1177 2017 1412 2062 gekommen,
1440 2017 1551 2052 dass’.

944 2068 977 2099 4.
1004 2066 1214 2100 discrimen.
1232 2093 1239 2100 .
1256 2065 1437 2107 mertitar,
1463 2065 1523 2099 die
1551 2063 1640 2099 Ent-

897 2113 1103 2154 scheidung
1124 2113 1241 2158 hangt
1267 2112 1325 2155 ab,
1354 2111 1490 2147 beruht
1509 2112 1576 2146 auf
1586 2132 1642 2148 —.

944 2159 1095 2206 restare]
1123 2159 1236 2194 naml.
1258 2158 1314 2194 als
1342 2160 1490 2205 Gegner
1516 2160 1642 2195 Rome.

944 2206 1147 2253 Lucanus]
1189 2207 1417 2242 kollektiver
1456 2207 1642 2252 Singular,

898 2254 967 2290 wie
993 2254 1087 2300 Kap.
1109 2258 1141 2298 3,
1163 2258 1194 2288 1.

946 2306 977 2337 5.
1004 2302 1240 2347 adhibeatur]
1267 2303 1338 2337 mit
1357 2301 1442 2337 Dat.
1465 2303 1558 2337 statt
1577 2302 1643 2336 der

897 2348 1131 2385 klassisehen
1150 2348 1396 2394 Verbindung
1417 2349 1486 2384 mit
1505 2350 1564 2384 ad.
1593 2348 1642 2384 So

898 2397 1016 2431 findet
1053 2396 1132 2431 sich
1164 2396 1229 2443 23,
1251 2399 1283 2440 8,
1306 2400 1326 2432 5
1366 2397 1535 2432 adhibere
1572 2398 1642 2431 ali-

898 2455 999 2489 quem
1026 2445 1208 2489 convivio,
1245 2445 1334 2479 aber
1367 2443 1436 2491 23,
1465 2447 1502 2489 9,
1529 2448 1551 2478 4
1578 2444 1642 2479 ad-

897 2492 1017 2527 hibere
1027 2492 1183 2537 aliquem
1192 2492 1240 2527 ad
1248 2491 1460 2536 hospitalem
1472 2502 1641 2526 mensam.

946 2543 978 2574 6.
1006 2540 1107 2584 apud
1120 2538 1288 2584 cupidos]
1303 2540 1461 2583 =apa<l
1483 2539 1643 2573 homines

898 2587 1059 2631 cupidos.
1118 2586 1186 2621 Die
1225 2586 1529 2630 nnkriegerische
1576 2586 1641 2620 Be-

897 2633 1105 2679 vfflkerung
1140 2644 1212 2668 von
1239 2634 1379 2668 Tarent
1406 2644 1481 2667 war
1507 2644 1548 2667 zu
1575 2642 1642 2677 po-

897 2680 1074 2716 litischen
1103 2679 1397 2725 Umwalzungen
1423 2679 1587 2724 geneigt.

944 2727 1111 2774 mulcati]
1137 2728 1304 2773 passivos
1332 2728 1464 2762 Partie.
1493 2738 1555 2761 zur
1575 2725 1642 2760 Be-

898 2775 1104 2821 zeichnung
1130 2774 1232 2810 einer
1258 2774 1488 2819 Thatigkeit‚
1516 2774 1642 2808 indem

897 2822 957 2857 bei
985 2822 1087 2858 einer
1112 2822 1332 2867 reciproken
1353 2822 1555 2866 Handlung
1581 2819 1642 2855 die

897 2869 1095 2905 leidenden
1115 2869 1295 2915 Subjekte
1323 2869 1490 2913 zugleich
1516 2867 1644 2913 thatig

901 2916 995 2953 sind.
