1794 3084
169 97 226 139 (33
711 96 855 131 LIBER
883 96 958 130 VII.
1010 94 1112 131 CAP.
1139 99 1194 130 31.

1522 115 1549 133 a.
1569 115 1597 133 u.
1618 115 1643 133 c.
1664 109 1726 134 411.

168 220 271 261 ager
305 207 493 260 marique
526 204 795 259 propinquus
836 203 889 245 ad
927 203 1155 245 varietates
1188 219 1385 246 annonae
1417 204 1618 247 horreum
1650 221 1723 261 po-

167 266 258 319 puli
292 264 475 306 Romani
508 264 597 305 fore
629 263 872 317 videbatur,
910 265 1055 303 tamen
1095 265 1218 304 tanta
1256 263 1441 305 utilitate
1480 264 1584 306 fides
1617 265 1725 307 anti-

170 325 292 378 quior
335 324 434 378 fuit,
489 322 790 376 responditque
834 323 895 362 ita
945 336 995 362 ex
1045 322 1301 364 auctoritate
1340 324 1514 365 senatus
1557 324 1724 366 consul:

168 382 358 424 ‘Auxilio
392 396 490 436 vos,
521 380 749 436 Campani,
789 380 941 436 dignos
975 384 1120 422 censet
1152 385 1344 437 senatus3
1390 382 1462 423 sed
1494 382 1556 424 ita
1587 383 1726 425 vobis-

167 457 263 484 cum
297 441 530 482 amicitiam
563 440 732 481 institui
765 454 843 493 par
875 442 958 493 est,
990 454 1043 480 ne
1083 454 1168 494 qua
1207 440 1414 482 vetustior
1453 441 1644 483 amicitia
1675 456 1724 484 ac

167 501 348 542 societas
381 500 575 541 violetur.
633 498 848 541 Samnites
880 498 1105 540 nobiscum
1137 499 1306 540 foedere
1338 500 1473 540 iuncti
1500 503 1614 555 sunt3
1646 501 1723 542 ita-

167 574 247 614 que
280 574 411 612 arma,
443 559 543 600 deos
576 558 694 613 prius
727 572 857 612 quam
888 557 1083 599 homines
1115 558 1346 611 violatura,
1379 558 1582 600 adversus
1610 558 1725 601 Sam-

165 619 277 659 nites
308 619 431 660 vobis
463 632 684 673 negamus.
738 618 926 672 legatos,
965 617 1075 658 sicut
1107 617 1171 658 ius
1205 617 1354 672 fasque
1387 620 1469 671 est,
1502 618 1554 659 ad
1587 619 1724 660 socios

167 680 294 732 atque
329 678 487 718 amicos
519 679 739 731 precatum
771 677 1004 728 mittemus,
1035 690 1088 716 ne
1121 691 1204 730 qua
1235 676 1357 717 vobis
1389 677 1452 718 vis
1483 676 1587 719 fiat?

284 737 349 777 Ad
372 751 421 778 ea
441 736 638 790 princeps
664 734 1031 789 legationis—sic
1052 735 1165 775 enim
1192 735 1317 777 domo
1339 735 1587 777 mandatum
1615 738 1725 778 attu-

165 796 306 837 lerant
336 820 394 824 —
426 794 617 850 ‘quando
645 793 838 848 quidem'
871 794 1012 848 inquit
1046 793 1214 834 ‘nostra
1251 794 1362 835 tueri
1401 794 1604 836 adversus
1637 795 1723 837 vim

167 858 294 910 atque
319 854 522 895 iniuriam
555 855 669 895 iusta
694 854 735 894 vi
762 868 848 895 non
875 853 1015 907 vultis,
1048 855 1189 893 vestra
1216 856 1329 894 certe
1357 853 1612 908 defendetis3
1643 855 1724 896 ita-

165 928 245 968 que
285 914 490 967 populum
530 912 796 966 Campanum
837 912 1069 966 urbemque
1109 909 1317 966 Capuam,
1361 926 1505 967 agros,
1549 913 1725 954 delubra

165 974 304 1024 deum,
339 973 484 1014 divina
514 972 784 1025 humanaque
818 971 963 1012 omnia
989 970 1034 1011 in
1066 974 1272 1025 vestram,
1303 974 1448 1025 patres
1481 972 1724 1026 conscripti,

164 1032 395 1086 populique
421 1031 607 1073 Romani
634 1030 842 1072 dicionem
871 1029 1074 1081 dedimus,
1102 1030 1305 1084 quidquid
1327 1030 1477 1071 deinde
1498 1031 1724 1085 patiemur,

166 1091 353 1132 dediticii
386 1091 517 1132 vestri
550 1088 747 1145 passuri?
799 1089 876 1130 sub
902 1089 1009 1130 haec
1036 1089 1148 1130 dicta
1175 1103 1335 1143 omnes,
1366 1104 1519 1131 manus
1547 1090 1600 1131 ad
1627 1104 1723 1132 con-

165 1151 278 1191 sules
323 1149 565 1203 tendentes,
616 1149 732 1203 pleni
772 1148 1045 1190 lacrimarum
1091 1147 1135 1188 in
1184 1148 1397 1189 vestibulo
1448 1149 1588 1190 curiae
1631 1163 1726 1203 pro·

167 1209 414 1251 cubuerunt.
459 1209 662 1250 commoti
689 1210 833 1262 patres
861 1207 953 1248 vice
979 1206 1248 1248 fortunarum
1273 1207 1569 1259 humanarum,
1597 1209 1632 1250 si
1651 1208 1725 1250 ille

163 1271 422 1322 praepotens
456 1267 607 1321 opibus
647 1267 852 1321 populus,
884 1266 1054 1307 luxuria
1087 1266 1368 1320 superbiaque
1401 1266 1557 1322 clarus,
1584 1282 1608 1309 a
1641 1282 1724 1322 quo

162 1327 291 1381 paulo
326 1330 422 1368 ante
456 1326 661 1368 auxilium
693 1326 864 1366 finitimi
896 1325 1126 1379 petissent,
1170 1325 1274 1366 adeo
1313 1325 1521 1368 infractos
1556 1330 1725 1381 gereret

165 1387 353 1438 animos,
392 1388 440 1426 ut
478 1400 521 1426 se
561 1386 653 1438 ipse
696 1398 856 1438 suaque
897 1383 1042 1424 omnia
1079 1385 1308 1438 potestatis
1350 1384 1514 1426 alienae
1552 1386 1725 1427 faceret.

163 1448 255 1486 tum
287 1446 373 1486 iam
405 1445 509 1485 fides
543 1444 614 1498 agi
646 1444 739 1485 visa
772 1443 936 1484 deditos
964 1457 1051 1484 non
1077 1442 1218 1497 prodi3
1249 1457 1325 1484 nec
1352 1443 1566 1485 facturum
1587 1458 1724 1498 aequa

215 1554 243 1585 1.
272 1550 320 1584 ad
344 1549 535 1584 varietates
561 1547 744 1593 annonae]
765 1546 824 1581 ffir
844 1546 903 1581 die

165 1595 473 1640 Schwankungcn
494 1595 557 1629 des
578 1594 902 1639 Getreidepreises,

165 1645 199 1679 d.
220 1645 255 1678 h.
282 1643 321 1677 in
345 1643 471 1678 Zeiten
498 1643 561 1677 der
587 1641 789 1685 Teuerung.

210 1691 312 1736 fides]
349 1690 428 1725 ‘die
461 1689 595 1733 Treue,
632 1688 902 1723 Redlichkeit’.

164 1737 290 1773 Durch
311 1738 369 1772 die
390 1737 611 1782 Eingehung
639 1736 739 1771 eines
758 1736 905 1770 Bundes

163 1786 234 1820 mit
265 1785 391 1829 Capua
422 1785 552 1819 hatten
590 1784 648 1818 die
680 1783 815 1818 Remer
847 1795 904 1817 zu-

165 1831 290 1877 gleich
317 1832 382 1866 auf
396 1831 613 1866 unredliche
633 1830 758 1865 Weise
778 1830 902 1864 Partei

164 1891 387 1923 genommen
420 1889 541 1924 gegen
578 1879 657 1913 ihre
690 1877 902 1922 bisherigen

165 1926 506 1971 Bundesgenossen.

213 1978 244 2008 2.
289 1985 332 2008 επ
376 1974 590 2008 auctoritate
632 1972 795 2017 senatus]
840 1971 906 2006 auf

166 2020 291 2054 Grund
317 2020 418 2055 eines
446 2019 829 2062 Senatsbeschlusses,
862 2029 902 2053 so

166 2068 247 2102 dass
280 2068 344 2103 der
368 2067 509 2102 Konsul
542 2079 609 2101 nur
641 2067 699 2100 die
734 2066 905 2101 Antwort

171 2115 235 2149 des
263 2114 416 2149 Senates
443 2116 476 2159 (ξ
498 2115 532 2159 8)
560 2112 723 2148 mitteilt.

215 2162 353 2207 consul]
393 2162 426 2195 d.
461 2164 495 2197 h.
533 2161 633 2195 einer
672 2160 737 2194 der
774 2160 907 2194 beiden

168 2208 353 2249 Konsuln,
390 2209 515 2243 indem
547 2218 586 2242 er
611 2207 669 2242 die
697 2207 907 2241 Gesandten

168 2256 206 2289 in
229 2256 299 2290 den
313 2251 470 2290 Vorsaal
491 2256 555 2289 der
568 2254 681 2288 Kurie
703 2257 736 2296 (ἓ
753 2257 788 2297 5)
802 2255 908 2288 hatte

167 2303 342 2336 kommen
373 2302 495 2336 lassen
527 2303 601 2335 und
637 2302 701 2335 der
735 2300 908 2345 Eingang

167 2350 204 2384 in
232 2350 302 2383 den
323 2348 534 2384 Senatssaal
562 2348 656 2383 offen
683 2349 790 2382 stand
814 2352 845 2391 (ξ
859 2349 906 2391 4).

215 2398 269 2432 ita
297 2424 303 2430 .
327 2425 332 2431 .
355 2424 361 2430 .
391 2396 449 2441 ne]
479 2413 522 2424 =
549 2407 590 2430 ea
615 2396 838 2437 condicione,
864 2406 908 2430 oze

169 2446 384 2488 (22‚61,5)

215 2490 311 2536 deos]
351 2490 410 2524 die
443 2489 588 2534 Zeugen
621 2488 696 2523 und
730 2488 906 2523 Schfitzer

169 2539 233 2572 des
259 2537 459 2582 Vertrages
492 2537 556 2570 der
582 2537 716 2571 Romer
742 2535 810 2569 mit
836 2535 905 2570 den

169 2585 370 2620 Samnitem.

216 2638 247 2667 3.
274 2633 333 2667 ius
357 2631 497 2676 fasque]
527 2628 811 2674 ‘menschliches
831 2629 905 2663 und

170 2679 372 2723 gottliches
386 2679 521 2721 Recht;
550 2678 655 2712 recht
674 2677 747 2711 und
767 2675 904 2720 billig’.

169 2724 906 2807 ΑέῗέθΖΠΕἶῗῶωἛίἲΥἶὲἳοξζίἭῗὲἒ

302 2786 325 2807 n
455 2785 479 2817 g

170 2820 348 2863 glaubten
381 2819 439 2854 die
478 2819 614 2854 Romer
649 2817 907 2860 ebensowenig

169 2866 239 2900 wie
266 2866 324 2901 die
351 2866 564 2910 Campaner.

1023 1547 1122 1581 iusta
1149 1546 1200 1592 vi]
1229 1546 1452 1592 Oxymor0n‚
1490 1547 1539 1582 da
1563 1548 1623 1583 ius
1647 1548 1722 1582 und

977 1594 1030 1629 vis
1057 1592 1283 1637 Gegensatze
1310 1594 1401 1629 sind.

1026 1644 1058 1675 4.
1099 1640 1278 1687 dediticii]
1330 1640 1471 1676 welche
1502 1641 1583 1677 ihre
1617 1641 1722 1677 Selb-

979 1688 1177 1732 standigke
1185 1688 1215 1722 it
1234 1687 1310 1722 und
1330 1688 1664 1734 Unabh'angigkeit
1682 1688 1721 1724 in

975 1735 1083 1780 jeder
1092 1734 1178 1769 Bezi
1185 1734 1309 1779 ehung
1317 1735 1513 1780 aufgaben,
1525 1736 1600 1770 und
1608 1736 1721 1772 deren

984 1781 1446 1817 Unterthanenverhaltnis
1477 1784 1631 1828 (foedus)
1648 1795 1722 1818 von

977 1829 1046 1864 den
1058 1830 1218 1864 Romern
1229 1830 1323 1864 nach
1331 1829 1508 1865 Belieben
1521 1830 1718 1866 bestimmt

978 1877 1131 1911 werden
1156 1876 1308 1912 konnte.

1023 1927 1054 1958 5.
1088 1925 1153 1959 sub
1185 1925 1269 1958 haec
1300 1923 1413 1970 dicta]
1443 1941 1487 1953 =
1508 1927 1593 1968 post
1629 1924 1717 1960 haec

975 1972 1103 2015 verba;
1123 1970 1259 2006 ebenso
1275 1975 1330 2013 25,
1343 1975 1415 2014 7,1.
1442 1972 1508 2006 sub
1531 1981 1557 2006 0.
1576 1972 1662 2006 Acc.
1676 1988 1719 2000 =

975 2030 1037 2053 um
1063 2020 1105 2061 (z.
1128 2018 1166 2053 B.
1194 2019 1258 2053 sub
1284 2019 1378 2053 idem
1403 2019 1573 2063 tempus);
1601 2018 1719 2053 daher

978 2066 1032 2100 oft
1047 2083 1089 2094 =
1104 2065 1362 2100 ‘unmittelbar
1387 2065 1514 2101 nach’.

1030 2116 1061 2147 6.
1089 2112 1267 2158 commoti]
1295 2112 1373 2148 scil.
1394 2116 1490 2147 sunt.

1027 2160 1075 2205 si]
1104 2177 1146 2188 =
1168 2161 1200 2193 si
1225 2160 1379 2203 quidem,
1407 2160 1455 2194 da
1481 2162 1527 2204 (3,
1550 2163 1582 2203 7,
1601 2161 1648 2204 4).

1026 2206 1221 2252 infractos]
1255 2217 1326 2240 von
1359 2207 1544 2251 infrin90‚
1577 2205 1722 2241 starker

981 2253 1035 2288 als
1061 2254 1213 2296 fractos,
1251 2253 1365 2298 ‘ganz
1391 2252 1618 2298 gebrechen,
1644 2264 1720 2288 zer-

981 2300 1194 2344 schlagen’.
1251 2300 1326 2335 Das
1371 2301 1480 2336 Wort
1523 2300 1616 2335 wird
1657 2300 1720 2335 bei

979 2347 1106 2382 Livius
1132 2348 1338 2392 gebraucht
1361 2357 1434 2382 von
1461 2347 1619 2391 Speeren
1647 2349 1718 2391 (40,

980 2400 1038 2438 40,
1059 2398 1105 2440 7),
1132 2405 1205 2429 von
1230 2395 1295 2429 der
1314 2394 1414 2429 Rede
1435 2396 1506 2439 (38,
1521 2397 1576 2438 14,
1589 2395 1624 2439 9)
1644 2394 1720 2429 und

980 2441 1018 2476 111
1035 2441 1275 2486 Verbindung
1293 2441 1362 2475 mit
1382 2443 1527 2476 animus
1545 2443 1593 2486 (2,
1608 2445 1664 2485 59,
1679 2445 1718 2485 43

980 2492 1204 2533 38‚16,14)

1025 2536 1172 2581 yereret]
1225 2535 1384 2580 ‘zeige’.
1435 2534 1519 2580 Vgl.
1547 2538 1585 2577 1,
1611 2537 1674 2579 25,
1695 2539 1715 2570 3

979 2584 1074 2618 terni
1098 2585 1240 2618 iuvenes
1265 2593 1477 2628 orzaynorutn
1497 2582 1718 2617 exercituum

978 2632 1118 2665 animos
1138 2633 1295 2674 yereo'ztes
1316 2632 1585 2665 concurrerunt.
1623 2627 1715 2674 Kap.

981 2681 1096 2720 33,7.

1028 2727 1058 2758 7.
1091 2724 1179 2766 fides
1209 2724 1271 2768 aqi
1300 2723 1395 2768 visa]
1440 2723 1517 2758 scil.
1543 2725 1612 2765 est,
1647 2721 1718 2756 mit

979 2771 1066 2806 Acc.
1082 2769 1206 2814 c.1nf.,
1233 2781 1271 2804 es
1297 2768 1423 2804 schien
1449 2769 1528 2803 sich
1553 2781 1616 2803 um
1643 2769 1713 2804 den

979 2818 1122 2852 Beweis
1145 2816 1235 2862 (vgl.
1263 2820 1294 2859 6,
1316 2820 1371 2859 13,
1392 2819 1429 2858 7;
1455 2819 1510 2859 21,
1534 2819 1588 2859 13,
1610 2817 1645 2860 3)
1671 2828 1716 2850 zu

980 2863 1156 2907 handeln,
1182 2862 1263 2897 dass
1284 2891 1290 2898 .
1308 2891 1313 2897 .
1331 2890 1337 2897 .
