1794 3084
145 78 199 118 88
696 74 840 110 LIBER
866 74 907 109 V.
956 73 1059 109 CAP.
1086 76 1141 108 49.
1496 88 1521 107 a.
1541 89 1570 108 u.
1591 89 1616 108 e.
1635 84 1697 110 864.

143 200 232 227 nos
294 199 395 226 nam
427 184 536 226 forte
569 183 771 238 quadam,
801 182 1050 237 priusquam
1081 180 1256 222 infanda
1286 194 1445 222 merces
1475 180 1693 235 perficere-

143 252 224 298 tur,
268 259 342 298 per
383 243 704 285 altercationem
742 241 929 282 nondum
976 240 1091 282 omni
1136 254 1238 281 auro
1283 253 1472 294 appenso
1511 239 1696 282 dictator

143 303 394 353 intervenit,
437 301 678 355 auferrique
718 314 867 342 aurum
906 299 956 341 de
994 299 1132 340 medio
1172 303 1214 339 et
1251 297 1397 340 Gallos
1436 300 1695 341 summoveri

97 381 115 406 ⁸..
143 363 270 404 iubet.
333 376 427 403 cum
468 361 530 401 illi
574 360 809 401 renitentes
852 362 1000 412 pactos
1044 358 1232 399 dicerent
1275 371 1384 408 sese,
1426 359 1558 413 negat
1600 371 1695 400 eam

146 422 385 475 pactionem
423 424 560 460 ratam
599 433 708 472 esse,
747 432 871 472 quae,
909 421 1138 471 postquam
1174 417 1265 470 ipse
1304 416 1489 458 dictator
1525 422 1694 459 creatus

145 485 272 532 esset,
310 479 476 520 iniussu
515 492 590 519 suo
630 478 683 518 ab
721 476 933 518 inferioris
971 477 1074 517 iuris
1112 475 1369 530 magistratu
1408 474 1524 516 facta
1566 479 1697 530 esset3

99 555 105 563 ·
145 539 448 592 denuntiatque
476 536 625 591 Gallis,
657 541 703 577 ut
735 550 776 577 se
804 536 856 577 ad
883 536 1091 590 proelium
1118 534 1356 588 expediant.
1388 548 1487 576 suos
1512 534 1557 576 in
1582 549 1696 576 acer-

146 612 242 638 vum
276 598 435 638 coicere
469 596 656 638 sarcinas
689 600 732 637 et
764 609 882 636 arma
914 597 1061 649 aptare
1092 594 1302 647 ferroque,
1333 607 1419 634 non
1447 607 1550 636 auro
1577 608 1695 635 recu—

144 671 291 710 perare
323 656 507 710 patriam
539 655 667 707 iubet,
698 655 743 695 in
769 657 1000 707 conspectu
1026 652 1226 694 habentis
1251 651 1353 693 fana
1379 652 1503 693 deum
1530 655 1572 694 et
1598 667 1695 694 con-

144 717 263 770 iuges
297 719 339 756 et
369 715 526 756 liberos
554 718 596 755 et
623 714 760 755 solum
788 713 953 766 patriae
980 713 1167 754 deforme
1193 711 1294 752 belli
1320 711 1443 752 malis
1470 714 1514 752 et
1539 711 1698 766 omnia,

144 789 250 829 quae
283 773 452 815 defendi
484 773 703 827 repetique
736 775 778 813 et
805 772 951 813 ulcisci
977 771 1042 812 fas
1072 771 1138 812 sit.
1176 770 1350 811 instruit
1376 770 1523 812 deinde
1550 771 1697 824 aciem,

143 838 189 874 ut
227 833 308 874 loci
347 836 502 874 natura
539 831 801 886 patiebatur,
839 832 884 871 in
923 831 1152 871 semirutae
1193 830 1284 871 solo
1319 829 1437 870 urbis
1469 833 1512 870 et
1541 832 1698 871 natura.

143 892 370 947 inaequali,
402 895 444 932 et
477 892 629 944 omnia,
663 904 770 944 quae
803 894 893 931 arte
925 889 1027 930 belli
1061 888 1243 930 secunda
1275 889 1363 929 suis
1389 888 1490 943 eligi
1515 903 1692 943 praepa-

99 966 111 974 ·
143 951 281 992 rarive
312 954 525 1005 poterant,
556 949 756 1004 providit.
807 948 922 990 Galli
954 963 1064 989 nova
1096 962 1140 988 re
1171 947 1329 1001 trepidi
1361 962 1481 988 arma
1506 947 1696 1002 capiunt,

144 1011 290 1065 iraque
323 1010 462 1064 magis
496 1023 622 1064 quam
655 1008 833 1050 consilio
868 1008 912 1048 in
944 1007 1164 1048 Romanos
1197 1006 1432 1048 incurrunt.
1487 1006 1574 1048 iam
1606 1020 1696 1048 ver—

142 1073 253 1111 terat
279 1069 462 1118 fortuna,
489 1069 574 1109 iam
601 1067 774 1108 deorum
801 1081 899 1117 opes
926 1066 1197 1119 humanaque
1223 1065 1403 1107 consilia
1427 1080 1517 1106 rem
1542 1064 1698 1107 Roma-

142 1143 241 1170 nam
275 1128 548 1169 adiuvabant.
594 1127 727 1182 igitur
752 1127 890 1180 primo
918 1139 1126 1167 concursu
1151 1124 1265 1165 haud
1291 1124 1453 1166 maiore
1479 1125 1698 1166 momento

141 1187 228 1230 fusi
261 1187 375 1228 Galli
408 1196 525 1238 sunt,
557 1200 685 1241 quam
719 1185 771 1226 ad
804 1185 948 1226 Aliam
984 1185 1185 1225 vicerant.

260 1245 445 1287 Iustiore
480 1246 612 1286 altero
641 1244 791 1285 deinde
820 1244 982 1298 proelio
1011 1243 1064 1284 ad
1091 1245 1288 1284 octavum
1314 1242 1499 1296 lapidem
1526 1241 1697 1284 Gabina.

142 1305 228 1359 via,
267 1319 348 1359 quo
387 1319 431 1345 se
472 1319 521 1345 ex
559 1304 664 1359 fuga
703 1303 990 1356 contulerant,
1028 1301 1216 1343 eiusdem
1255 1301 1384 1343 ductu
1423 1301 1697 1356 auspicioque

143 1363 312 1406 Camilli
350 1364 590 1405 vincuntur.
651 1363 710 1403 ibi
743 1361 892 1403 caedes
926 1362 1070 1403 omnia
1102 1360 1307 1413 obtinuit3
1349 1363 1493 1402 castra
1524 1360 1696 1415 capiun-

142 1427 224 1477 tur,
257 1427 299 1464 et
329 1437 382 1464 ne
414 1423 587 1464 nuntius
621 1421 790 1475 quidem
823 1420 955 1462 cladis
987 1421 1173 1461 relictus.
1231 1419 1416 1460 dictator
1446 1421 1699 1473 recuperata

143 1497 193 1523 ex
225 1482 421 1524 hostibus
453 1481 596 1536 patria
627 1480 898 1535 triumphans
930 1480 975 1520 in
1006 1480 1155 1520 urbem
1186 1478 1324 1531 rediit,
1355 1478 1550 1532 interque
1580 1477 1698 1520 iocos

143 1542 371 1594 militares,
410 1555 515 1595 quos
549 1540 793 1581 inconditos
824 1539 1002 1591 iaciunt,
1035 1537 1242 1579 Romulus
1275 1551 1324 1578 ac
1355 1551 1505 1591 parens
1531 1536 1699 1592 patriae

143 1600 420 1654 conditorque
454 1600 562 1640 alter
593 1598 712 1640 urbis
744 1598 858 1639 haud
889 1598 1010 1639 vanis
1044 1596 1242 1639 laudibus
1275 1595 1582 1651 appellabatur.

956 1741 1011 1780 43,
1041 1740 1082 1770 11
1110 1736 1248 1780 perlevi
1277 1738 1451 1770 momento
1481 1735 1569 1769 victi
1592 1738 1696 1778 sunt3

955 1789 1012 1827 23,
1038 1787 1093 1826 24,
1122 1787 1157 1826 7,
1185 1787 1240 1825 24,
1267 1786 1323 1826 34,
1350 1786 1382 1817 2.

1003 1835 1033 1865 6.
1062 1832 1185 1866 omnia
1203 1829 1377 1876 obtinuit]
1397 1828 1589 1864 seltsamer
1602 1830 1696 1864 Aus-

191 1740 298 1787 forte]
319 1740 555 1785 gewohnlich
570 1738 728 1779 Adverb,
749 1738 808 1772 bei
823 1737 883 1772 Li-

143 1788 223 1822 vius
251 1788 344 1822 auch
367 1786 585 1822 Substantiv
613 1785 682 1820 mit
705 1785 788 1820 dem
808 1784 882 1819 Ad-

139 1833 260 1880 J'ektiv
286 1835 444 1880 quadam
471 1836 517 1879 (1,
543 1838 576 1877 4,
603 1838 640 1875 4;
669 1838 701 1876 3,
728 1836 783 1876 64,
810 1833 857 1876 4).

184 1881 433 1928 perficeretur]
453 1880 679 1923 ‘eutrichtet,
695 1891 789 1925 ganz
801 1891 882 1914 aus-

142 1929 292 1974 gezahlt
317 1930 469 1964 wurde’.

190 1981 221 2010 2.
254 1978 398 2011 iniussu
424 1976 505 2022 suo]
545 1974 651 2010 Nach
677 1974 743 2009 der
768 1974 882 2008 Wahl

144 2022 244 2058 eines
266 2023 458 2058 Diktators
478 2023 626 2058 konnen
647 2022 705 2056 die
726 2021 884 2066 &brigen

142 2069 362 2115 Magistrate
387 2083 455 2104 nur
480 2071 518 2104 in
543 2070 679 2104 seinem
704 2069 883 2113 Auftrage

140 2117 210 2152 mit
227 2118 311 2152 dem
325 2116 462 2152 Feinde
479 2115 768 2158 unterhandeln3
790 2116 884 2150 auch

142 2164 206 2199 der
232 2164 346 2199 Senat
380 2164 484 2208 (Kap.
507 2167 563 2205 48,
591 2168 625 2206 8)
657 2163 755 2197 kann
789 2163 884 2196 ohne

142 2212 401 2255 Zustimmung
440 2211 503 2246 des
542 2209 736 2244 Diktators
774 2209 883 2243 keine

141 2259 357 2294 Vonmacht
380 2269 424 2292 zu
445 2257 803 2301 Unterhandlungeu
830 2267 883 2291 er-

140 2305 264 2341 teilen.

189 2357 221 2388 3.
259 2353 351 2396 fana
385 2351 505 2398 deum]
544 2352 616 2386 den
641 2350 793 2395 Tempe]
821 2350 886 2384 auf

141 2401 224 2435 dem
239 2399 400 2444 Kapitol.
429 2398 632 2433 Vielleicht
648 2409 770 2432 waren
789 2397 884 2432 auch

141 2447 276 2482 andere
298 2446 453 2491 Tempel
478 2445 582 2481 nicht
607 2457 701 2490 ganz
727 2445 885 2479 zerstort

141 2495 291 2529 worden
317 2494 405 2539 (vgl.
433 2494 523 2538 Kap.
553 2497 607 2537 50,
634 2494 681 2536 2).

187 2541 331 2587 ulcisci]
366 2541 510 2586 passiv:
548 2545 581 2581 2,
609 2545 664 2583 17,
693 2544 710 2574 7
738 2539 780 2573 ob
806 2539 884 2573 iras

139 2590 300 2635 yravz'ter
319 2589 431 2629 ulta33
454 2587 542 2622 Sall.
563 2588 646 2632 Jug.
667 2591 723 2630 31,
744 2589 764 2620 8
785 2586 882 2630 quic-

142 2637 232 2681 quid
269 2637 346 2671 sim
376 2637 554 2680 sanquine
589 2636 721 2670 civium
758 2633 885 2668 ulcisci

141 2684 325 2728 nequitur,
350 2684 432 2718 iure
456 2683 593 2724 factum
617 2683 675 2717 sit.

191 2734 223 2764 5.
250 2730 418 2775 verterat]
443 2730 593 2764 reflexiv
613 2728 700 2773 (vgl.
722 2729 812 2773 Kap.
831 2731 885 2771 18,

142 2779 197 2821 9);
226 2780 328 2812 sonst
352 2788 454 2812 versa
479 2781 527 2811 est
551 2778 712 2819 fortuna.

191 2825 380 2870 momento]
398 2822 811 2867 ‘Kraftanstrengung’z
829 2826 885 2865 21,

956 1877 1081 1920 druck,
1111 1878 1203 1912 ‘war
1229 1876 1457 1922 allgemein'.

1002 1938 1045 1961 oze
1066 1926 1222 1960 nuntius
1241 1925 1381 1969 quidem
1400 1924 1514 1959 cladis
1531 1922 1697 1969 relictus]

956 1974 1037 2008 eine
1063 1971 1349 2006 ubertreibende
1375 1971 1527 2005 Phrase:
1554 1974 1588 2012 4,
1603 1974 1659 2014 10,
1676 1974 1697 2005 5

955 2022 1018 2055 vix
1043 2020 1185 2055 nuntiis
1211 2019 1330 2054 caedis
1354 2018 1506 2058 relicti&
1538 2017 1631 2052 Hirt.
1659 2017 1695 2052 b.

957 2068 1000 2102 G.
1015 2070 1048 2111 8,
1064 2071 1106 2101 21
1128 2068 1191 2101 vix
1204 2067 1378 2110 refuyisse
1396 2066 1544 2100 nuntios
1557 2064 1698 2108 caedi83

957 2115 1030 2149 Cic.
1051 2115 1177 2158 Pomp.
1205 2116 1224 2155 ἓ
1243 2117 1305 2155 25;
1331 2111 1408 2147 Liv.
1429 2115 1485 2155 27,
1505 2115 1562 2154 49,
1589 2115 1609 2146 9
1635 2121 1695 2146 su·

954 2162 1105 2206 persiozt,
1130 2161 1262 2204 inquit,
1289 2160 1405 2204 aliqui
1428 2159 1555 2193 nuntii
1579 2161 1612 2194 et
1635 2159 1696 2194 ho—

956 2210 1065 2244 stium
1091 2208 1206 2243 cladis
1231 2210 1263 2241 et
1287 2210 1431 2241 nostrae
1454 2207 1612 2241 virtutis.

1005 2260 1036 2290 7.
1062 2253 1253 2299 militares]
1279 2271 1324 2282 =
1348 2254 1513 2288 militum.
1551 2252 1696 2288 Daraus

955 2304 1005 2337 ist
1030 2302 1096 2337 das
1124 2300 1283 2346 Subjekt
1307 2313 1351 2334 zu
1376 2301 1520 2335 iaciunt
1544 2313 1588 2334 zu
1615 2302 1696 2334 ent-

955 2350 1124 2385 nehmen.
1168 2348 1250 2393 Vgl.
1278 2351 1316 2391 4,
1344 2352 1406 2390 53,
1442 2352 1483 2382 11
1516 2347 1698 2383 inconditi

955 2407 1077 2432 versus
1102 2397 1258 2430 militari
1283 2396 1430 2430 licentia
1454 2395 1594 2429 iactati.

1003 2442 1222 2489 inconditos]
1267 2441 1452 2486 kunstlos,
1496 2443 1534 2476 in
1570 2441 1695 2476 kunst-

956 2492 1059 2527 losen
1079 2491 1219 2525 Versen
1245 2490 1291 2533 (4,
1318 2493 1374 2531 20,
1402 2493 1439 2530 2,
1467 2493 1522 2532 27,
1542 2493 1598 2532 37,
1625 2489 1695 2532 13).

1004 2537 1161 2582 iaciunt]
1200 2536 1276 2570 Das
1302 2535 1457 2571 Prasens
1482 2536 1611 2571 deutet
1635 2545 1694 2578 an,

957 2585 1037 2620 dass
1062 2583 1158 2619 noch
1190 2595 1253 2618 zur
1278 2583 1357 2617 Zeit
1388 2584 1452 2618 des
1478 2583 1605 2618 Livius
1630 2581 1697 2617 der

958 2631 1223 2676 Triumphator
1261 2631 1339 2665 sich
1372 2630 1431 2664 die
1464 2630 1696 2674 ausgelasse-

957 2692 1029 2714 nen
1049 2679 1204 2713 Scherze
1225 2678 1345 2713 seiner
1360 2676 1516 2722 Krieger
1533 2675 1696 2721 gesallen

957 2727 1078 2762 lassen
1103 2724 1248 2760 musste.

1006 2774 1169 2809 conditor
1195 2773 1285 2807 alter
1318 2771 1436 2816 urbis]
1485 2769 1595 2805 Diese
1626 2770 1694 2805 Be-

959 2821 1166 2864 zeichnung
1190 2820 1278 2864 (vgl.
1301 2823 1332 2862 7,
1362 2822 1393 2862 1,
1421 2819 1479 2862 10)
1504 2816 1696 2853 verdiente
