1794 3084
0 115 1 121 ,
73 105 99 124 a.
119 97 171 124 Ch.
191 105 219 123 n.
240 98 300 124 342.
603 88 750 123 LIBER
775 88 854 123 VII.
907 88 1008 124 CAP.
1035 93 1090 124 42.
1587 89 1640 131 91

0 193 1 196 '
74 210 155 252 que
190 195 401 249 consules,
433 210 530 237 eum
562 196 756 238 viderent
782 211 954 239 aversos
983 212 1007 238 a
1033 197 1311 239 dimicatione
1338 197 1527 239 militum
1555 198 1642 239 ani-

75 269 182 307 mos,
208 255 425 296 rettulisse
453 255 504 296 ad
531 258 676 309 patres
703 255 753 296 de
781 256 1007 297 concordia
1026 256 1356 298 reconcilianda.
1395 256 1501 298 adeo
1522 256 1642 308 nihil,
1670 267 1690 298 7

70 317 373 369 praeterquam
406 314 663 356 seditionem
696 315 829 356 fuisse
857 329 1036 369 eamque
1063 316 1360 370 compositam,
1392 315 1504 357 inter
1530 315 1642 357 anti-

73 387 180 428 quos
212 387 354 414 rerum
388 376 582 414 auctores
616 376 797 415 constat.

189 430 249 473 Et
285 432 413 473 huius
451 432 569 474 fama
608 432 826 474 seditionis
867 435 909 473 et
949 436 1196 487 susceptum
1235 447 1331 475 cum
1371 431 1638 475 Samnitibus
1666 444 1688 475 8

71 505 204 547 grave
236 491 396 532 bellum
431 492 595 546 aliquot
626 491 811 545 populos
845 492 898 532 ab
932 491 1128 534 Romana
1162 493 1366 533 societate
1394 493 1565 546 avertit,
1597 494 1640 533 eb

101 552 240 592 raeter
271 549 523 591 Latinorum
556 549 733 591 infidum
772 550 859 591 iam
899 550 971 591 diu
1010 551 1159 592 foedus
1192 550 1466 593 Privernates
1506 551 1638 592 etiam

67 565 264 651 §orbam
299 611 427 663 atque
460 607 640 663 Setiam,
673 609 882 651 finitimas
910 610 1099 652 colonias
1127 610 1360 665 Romanas,
1394 611 1638 652 incursione

69 668 213 710 subita
245 668 495 723 depopulati
528 671 639 710 sunt.

117 799 148 831 7.
175 795 282 842 adeo]
310 795 392 841 Vgl.
413 796 508 841 Kap.
531 800 562 839 7,
583 800 616 831 2.
934 796 1185 842 Privernates]
1218 795 1436 830 Privernum
1463 807 1541 831 war
1567 800 1635 832 357

115 844 286 888 antiquos
300 854 419 879 rerum
434 844 612 890 auctores]
624 842 694 878 den
709 843 813 878 alten
886 855 919 878 v.
935 842 1017 879 Chr.
1034 854 1105 879 von
1123 843 1195 878 den
1209 843 1372 878 Romern
1386 844 1634 878 unterworfen

67 889 301 933 Annalisten,
322 890 465 925 welche
485 891 636 936 langere
655 890 735 926 Zeit
748 902 813 926 vor
887 891 1037 926 worden
1066 891 1174 935 (Kap.
1198 895 1253 933 16,
1275 894 1320 929 6).
1372 890 1426 925 Im
1453 891 1635 925 n'aehsten

67 937 197 973 Livius
223 939 465 982 geschrieben
491 939 631 974 hatten.
885 938 904 972 J
911 939 977 972 ahr
992 938 1085 974 wird
1100 939 1157 973 die
1175 937 1284 972 Stadt
1301 937 1360 972 ffir
1374 938 1501 973 diesen
1511 937 1635 973 Raab-

115 989 147 1021 8.
173 985 329 1028 infidum
354 986 430 1020 iam
455 987 521 1021 diu
545 986 688 1032 foedus]
726 985 810 1030 Vgl.
887 997 958 1030 zug
984 984 1205 1030 geziichtigb
1230 988 1277 1030 (8,
1300 988 1332 1029 1,
1354 988 1400 1030 3).

66 1032 162 1078 Kap.
190 1036 282 1077 25,5
309 1033 384 1068 und
411 1036 467 1078 38,
485 1038 514 1069 1.
