<?xml version="1.0" encoding="UTF-8"?>
<!DOCTYPE html PUBLIC "-//W3C//DTD XHTML 1.0 Transitional//EN"
    "http://www.w3.org/TR/xhtml1/DTD/xhtml1-transitional.dtd">
<html xmlns="http://www.w3.org/1999/xhtml" xml:lang="en" lang="en">
 <head>
  <title>
</title>
<meta http-equiv="Content-Type" content="text/html;charset=utf-8" />
  <meta name='ocr-system' content='tesseract 3.04.00' />
  <meta name='ocr-capabilities' content='ocr_page ocr_carea ocr_par ocr_line ocrx_word'/>
</head>
<body>
  <div class='ocr_page' id='page_1' title='image "./aburbeconditali00livyuoft_0261.png"; bbox 0 0 1794 3084; ppageno 0'>
   <div class='ocr_carea' id='block_1_1' title="bbox 37 107 263 134">
    <p class='ocr_par' dir='ltr' id='par_1_1' title="bbox 37 107 263 134">
     <span class='ocr_line' id='line_1_1' title="bbox 37 107 263 134; baseline 0 0"><span class='ocrx_word' id='word_1_1' title='bbox 37 115 64 134; x_wconf 76' lang='lat' dir='ltr'><strong>a.</strong></span> <span class='ocrx_word' id='word_1_2' title='bbox 83 107 134 134; x_wconf 85' lang='lat' dir='ltr'><strong>Ch.</strong></span> <span class='ocrx_word' id='word_1_3' title='bbox 154 115 182 133; x_wconf 85' lang='lat' dir='ltr'><strong>n.</strong></span> <span class='ocrx_word' id='word_1_4' title='bbox 203 107 263 134; x_wconf 84' lang='lat'>358.</span> 
     </span>
    </p>
   </div>
   <div class='ocr_carea' id='block_1_2' title="bbox 584 93 1600 134">
    <p class='ocr_par' dir='ltr' id='par_1_2' title="bbox 584 93 1600 134">
     <span class='ocr_line' id='line_1_2' title="bbox 584 93 1600 134; baseline 0.004 -4"><span class='ocrx_word' id='word_1_5' title='bbox 584 95 729 131; x_wconf 87' lang='lat' dir='ltr'>LIBER</span> <span class='ocrx_word' id='word_1_6' title='bbox 753 95 830 131; x_wconf 93' lang='lat' dir='ltr'><strong>VII.</strong></span> <span class='ocrx_word' id='word_1_7' title='bbox 883 94 984 130; x_wconf 87' lang='lat' dir='ltr'><strong>CAP.</strong></span> <span class='ocrx_word' id='word_1_8' title='bbox 1014 98 1069 130; x_wconf 88' lang='lat'><strong>15.</strong></span> <span class='ocrx_word' id='word_1_9' title='bbox 1547 93 1600 134; x_wconf 82' lang='grc'><strong>37</strong></span> 
     </span>
    </p>
   </div>
   <div class='ocr_carea' id='block_1_3' title="bbox 40 204 1652 309">
    <p class='ocr_par' dir='ltr' id='par_1_3' title="bbox 40 204 1652 309">
     <span class='ocr_line' id='line_1_3' title="bbox 40 204 1600 261; baseline -0.003 -13"><span class='ocrx_word' id='word_1_10' title='bbox 40 209 152 261; x_wconf 85' lang='lat' dir='ltr'><strong>sunt,</strong></span> <span class='ocrx_word' id='word_1_11' title='bbox 183 209 274 248; x_wconf 88' lang='lat' dir='ltr'><strong>tum</strong></span> <span class='ocrx_word' id='word_1_12' title='bbox 308 210 441 261; x_wconf 87' lang='lat' dir='ltr'><strong>metu,</strong></span> <span class='ocrx_word' id='word_1_13' title='bbox 472 220 524 247; x_wconf 92' lang='lat' dir='ltr'><strong>ne</strong></span> <span class='ocrx_word' id='word_1_14' title='bbox 558 205 895 259; x_wconf 74' lang='lat' dir='ltr'><strong>excluderentur,</strong></span> <span class='ocrx_word' id='word_1_15' title='bbox 927 204 1088 246; x_wconf 87' lang='lat' dir='ltr'><strong>omissa</strong></span> <span class='ocrx_word' id='word_1_16' title='bbox 1113 217 1259 259; x_wconf 90' lang='lat' dir='ltr'><strong>pugna</strong></span> <span class='ocrx_word' id='word_1_17' title='bbox 1286 205 1362 253; x_wconf 89' lang='lat' dir='ltr'><strong>est,</strong></span> <span class='ocrx_word' id='word_1_18' title='bbox 1390 217 1600 257; x_wconf 83' lang='lat' dir='ltr'><strong>cursuque</strong></span> 
     </span>
     <span class='ocr_line' id='line_1_4' title="bbox 41 261 1652 309; baseline -0.003 -1"><span class='ocrx_word' id='word_1_19' title='bbox 41 266 174 309; x_wconf 86' lang='lat' dir='ltr'><strong>effuso</strong></span> <span class='ocrx_word' id='word_1_20' title='bbox 201 265 254 307; x_wconf 88' lang='lat' dir='ltr'><strong>ad</strong></span> <span class='ocrx_word' id='word_1_21' title='bbox 282 268 426 307; x_wconf 87' lang='lat' dir='ltr'><strong>castra</strong></span> <span class='ocrx_word' id='word_1_22' title='bbox 452 264 713 307; x_wconf 86' lang='lat' dir='ltr'><strong>ferebantur.</strong></span> <span class='ocrx_word' id='word_1_23' title='bbox 757 264 830 305; x_wconf 91' lang='lat' dir='ltr'><strong>ubi</strong></span> <span class='ocrx_word' id='word_1_24' title='bbox 851 277 946 305; x_wconf 91' lang='lat' dir='ltr'><strong>cum</strong></span> <span class='ocrx_word' id='word_1_25' title='bbox 969 263 1225 305; x_wconf 89' lang='lat' dir='ltr'><strong>occurrisset</strong></span> <span class='ocrx_word' id='word_1_26' title='bbox 1249 263 1308 304; x_wconf 89' lang='lat' dir='ltr'><strong>eis</strong></span> <span class='ocrx_word' id='word_1_27' title='bbox 1328 261 1385 304; x_wconf 91' lang='lat' dir='ltr'><strong>M.</strong></span> <span class='ocrx_word' id='word_1_28' title='bbox 1405 261 1604 303; x_wconf 87' lang='lat' dir='ltr'><strong>Valerius</strong></span> <span class='ocrx_word' id='word_1_29' title='bbox 1632 272 1652 303; x_wconf 84' lang='grc'>6</span> 
     </span>
    </p>
   </div>
   <div class='ocr_carea' id='block_1_4' title="bbox 37 321 1656 617">
    <p class='ocr_par' dir='ltr' id='par_1_4' title="bbox 37 321 1656 617">
     <span class='ocr_line' id='line_1_5' title="bbox 41 321 1607 382; baseline -0.003 -15"><span class='ocrx_word' id='word_1_30' title='bbox 41 325 254 382; x_wconf 85' lang='lat' dir='ltr'><strong>magister</strong></span> <span class='ocrx_word' id='word_1_31' title='bbox 301 325 514 379; x_wconf 86' lang='lat' dir='ltr'><strong>equitum,</strong></span> <span class='ocrx_word' id='word_1_32' title='bbox 564 324 636 379; x_wconf 91' lang='lat' dir='ltr'><strong>qui</strong></span> <span class='ocrx_word' id='word_1_33' title='bbox 679 323 910 379; x_wconf 87' lang='lat' dir='ltr'><strong>profligato</strong></span> <span class='ocrx_word' id='word_1_34' title='bbox 956 322 1104 364; x_wconf 80' lang='lat' dir='ltr'><strong>dextro</strong></span> <span class='ocrx_word' id='word_1_35' title='bbox 1150 337 1281 364; x_wconf 89' lang='lat' dir='ltr'><strong>cornu</strong></span> <span class='ocrx_word' id='word_1_36' title='bbox 1327 321 1607 376; x_wconf 72' lang='lat' dir='ltr'><strong>obequitabat</strong></span> 
     </span>
     <span class='ocr_line' id='line_1_6' title="bbox 37 380 1654 438; baseline -0.004 -11"><span class='ocrx_word' id='word_1_37' title='bbox 37 385 229 427; x_wconf 88' lang='lat' dir='ltr'><strong>hostium</strong></span> <span class='ocrx_word' id='word_1_38' title='bbox 258 384 550 438; x_wconf 81' lang='lat' dir='ltr'><strong>munimentis,</strong></span> <span class='ocrx_word' id='word_1_39' title='bbox 577 383 627 425; x_wconf 87' lang='lat' dir='ltr'><strong>ad</strong></span> <span class='ocrx_word' id='word_1_40' title='bbox 657 385 825 424; x_wconf 86' lang='lat' dir='ltr'><strong>montes</strong></span> <span class='ocrx_word' id='word_1_41' title='bbox 854 382 1066 436; x_wconf 87' lang='lat' dir='ltr'><strong>silvasque</strong></span> <span class='ocrx_word' id='word_1_42' title='bbox 1093 383 1267 423; x_wconf 86' lang='lat' dir='ltr'><strong>vertunt</strong></span> <span class='ocrx_word' id='word_1_43' title='bbox 1292 381 1452 437; x_wconf 83' lang='lat' dir='ltr'><strong>fugam,</strong></span> <span class='ocrx_word' id='word_1_44' title='bbox 1477 380 1606 436; x_wconf 89' lang='lat' dir='ltr'><strong>pluri·</strong></span> <span class='ocrx_word' id='word_1_45' title='bbox 1635 390 1654 421; x_wconf 81' lang='lat'><strong>7</strong></span> 
     </span>
     <span class='ocr_line' id='line_1_7' title="bbox 43 440 1608 499; baseline -0.003 -13"><span class='ocrx_word' id='word_1_46' title='bbox 43 444 187 499; x_wconf 88' lang='lat' dir='ltr'><strong>mique</strong></span> <span class='ocrx_word' id='word_1_47' title='bbox 214 443 275 485; x_wconf 91' lang='lat' dir='ltr'><strong>ibi</strong></span> <span class='ocrx_word' id='word_1_48' title='bbox 303 458 326 485; x_wconf 86' lang='lat' dir='ltr'><strong>a</strong></span> <span class='ocrx_word' id='word_1_49' title='bbox 353 443 503 485; x_wconf 86' lang='lat' dir='ltr'><strong>fallaci</strong></span> <span class='ocrx_word' id='word_1_50' title='bbox 530 443 720 497; x_wconf 87' lang='lat' dir='ltr'><strong>equitum</strong></span> <span class='ocrx_word' id='word_1_51' title='bbox 755 441 894 494; x_wconf 85' lang='lat' dir='ltr'><strong>specie</strong></span> <span class='ocrx_word' id='word_1_52' title='bbox 928 441 1274 497; x_wconf 82' lang='lat' dir='ltr'><strong>agasonibusque</strong></span> <span class='ocrx_word' id='word_1_53' title='bbox 1301 440 1467 495; x_wconf 75' lang='lat' dir='ltr'><strong>excepti</strong></span> <span class='ocrx_word' id='word_1_54' title='bbox 1495 442 1608 482; x_wconf 89' lang='lat' dir='ltr'><strong>sunt.</strong></span> 
     </span>
     <span class='ocr_line' id='line_1_8' title="bbox 47 500 1610 558; baseline -0.003 -13"><span class='ocrx_word' id='word_1_55' title='bbox 47 506 90 546; x_wconf 85' lang='lat' dir='ltr'><strong>et</strong></span> <span class='ocrx_word' id='word_1_56' title='bbox 121 517 289 557; x_wconf 86' lang='lat' dir='ltr'><strong>eorum,</strong></span> <span class='ocrx_word' id='word_1_57' title='bbox 327 517 434 558; x_wconf 91' lang='lat' dir='ltr'><strong>quos</strong></span> <span class='ocrx_word' id='word_1_58' title='bbox 466 517 600 557; x_wconf 88' lang='lat' dir='ltr'><strong>pavor</strong></span> <span class='ocrx_word' id='word_1_59' title='bbox 631 502 871 556; x_wconf 73' lang='lat' dir='ltr'><strong>pertulerat</strong></span> <span class='ocrx_word' id='word_1_60' title='bbox 903 501 946 542; x_wconf 90' lang='lat' dir='ltr'><strong>in</strong></span> <span class='ocrx_word' id='word_1_61' title='bbox 981 501 1129 553; x_wconf 83' lang='lat' dir='ltr'><strong>silvas,</strong></span> <span class='ocrx_word' id='word_1_62' title='bbox 1168 502 1289 542; x_wconf 84' lang='lat' dir='ltr'><strong>atrox</strong></span> <span class='ocrx_word' id='word_1_63' title='bbox 1328 500 1476 542; x_wconf 85' lang='lat' dir='ltr'><strong>caedes</strong></span> <span class='ocrx_word' id='word_1_64' title='bbox 1508 503 1610 554; x_wconf 88' lang='lat' dir='ltr'><strong>post</strong></span> 
     </span>
     <span class='ocr_line' id='line_1_9' title="bbox 42 557 1656 617; baseline -0.002 -13"><span class='ocrx_word' id='word_1_65' title='bbox 42 562 239 604; x_wconf 87' lang='lat' dir='ltr'><strong>sedatum</strong></span> <span class='ocrx_word' id='word_1_66' title='bbox 267 562 478 617; x_wconf 87' lang='lat' dir='ltr'><strong>proelium</strong></span> <span class='ocrx_word' id='word_1_67' title='bbox 505 561 599 602; x_wconf 85' lang='lat' dir='ltr'><strong>fuit.</strong></span> <span class='ocrx_word' id='word_1_68' title='bbox 649 575 727 602; x_wconf 90' lang='lat' dir='ltr'><strong>nec</strong></span> <span class='ocrx_word' id='word_1_69' title='bbox 754 560 861 601; x_wconf 89' lang='lat' dir='ltr'><strong>alius</strong></span> <span class='ocrx_word' id='word_1_70' title='bbox 888 562 988 614; x_wconf 88' lang='lat' dir='ltr'><strong>post</strong></span> <span class='ocrx_word' id='word_1_71' title='bbox 1012 559 1067 601; x_wconf 90' lang='lat' dir='ltr'><strong>M.</strong></span> <span class='ocrx_word' id='word_1_72' title='bbox 1089 559 1264 601; x_wconf 88' lang='lat' dir='ltr'><strong>Furium</strong></span> <span class='ocrx_word' id='word_1_73' title='bbox 1291 574 1418 614; x_wconf 91' lang='lat' dir='ltr'><strong>quam</strong></span> <span class='ocrx_word' id='word_1_74' title='bbox 1445 558 1490 601; x_wconf 87' lang='lat' dir='ltr'><strong>C.</strong></span> <span class='ocrx_word' id='word_1_75' title='bbox 1518 557 1608 601; x_wconf 83' lang='lat' dir='ltr'><strong>Sul-</strong></span> <span class='ocrx_word' id='word_1_76' title='bbox 1636 568 1656 600; x_wconf 88' lang='lat' dir='ltr'>S</span> 
     </span>
    </p>
   </div>
   <div class='ocr_carea' id='block_1_5' title="bbox 37 619 1164 678">
    <p class='ocr_par' dir='ltr' id='par_1_5' title="bbox 37 619 1164 678">
     <span class='ocr_line' id='line_1_10' title="bbox 37 619 1164 678; baseline -0.004 -14"><span class='ocrx_word' id='word_1_77' title='bbox 37 622 176 678; x_wconf 89' lang='lat' dir='ltr'><strong>picius</strong></span> <span class='ocrx_word' id='word_1_78' title='bbox 215 621 440 663; x_wconf 86' lang='lat' dir='ltr'><strong>iustiorem</strong></span> <span class='ocrx_word' id='word_1_79' title='bbox 480 620 531 662; x_wconf 89' lang='lat' dir='ltr'><strong>de</strong></span> <span class='ocrx_word' id='word_1_80' title='bbox 572 619 709 662; x_wconf 83' lang='lat' dir='ltr'><strong>Gallis</strong></span> <span class='ocrx_word' id='word_1_81' title='bbox 755 619 847 675; x_wconf 88' lang='lat' dir='ltr'><strong>egit</strong></span> <span class='ocrx_word' id='word_1_82' title='bbox 885 619 1164 673; x_wconf 84' lang='lat' dir='ltr'><strong>triumphum.</strong></span> 
     </span>
    </p>
   </div>
   <div class='ocr_carea' id='block_1_6' title="bbox 1228 620 1610 673">
    <p class='ocr_par' dir='ltr' id='par_1_6' title="bbox 1228 620 1610 673">
     <span class='ocr_line' id='line_1_11' title="bbox 1228 620 1610 673; baseline 0 -13"><span class='ocrx_word' id='word_1_83' title='bbox 1228 620 1319 660; x_wconf 90' lang='lat' dir='ltr'><strong>auri</strong></span> <span class='ocrx_word' id='word_1_84' title='bbox 1359 633 1525 673; x_wconf 89' lang='lat' dir='ltr'><strong>quoque</strong></span> <span class='ocrx_word' id='word_1_85' title='bbox 1560 632 1610 660; x_wconf 87' lang='lat' dir='ltr'><strong>ex</strong></span> 
     </span>
    </p>
   </div>
   <div class='ocr_carea' id='block_1_7' title="bbox 42 678 1610 735">
    <p class='ocr_par' dir='ltr' id='par_1_7' title="bbox 42 678 1610 735">
     <span class='ocr_line' id='line_1_12' title="bbox 42 678 1610 735; baseline -0.003 -12"><span class='ocrx_word' id='word_1_86' title='bbox 42 681 222 724; x_wconf 86' lang='lat' dir='ltr'><strong>Gallicis</strong></span> <span class='ocrx_word' id='word_1_87' title='bbox 257 680 406 735; x_wconf 90' lang='lat' dir='ltr'><strong>spoliis</strong></span> <span class='ocrx_word' id='word_1_88' title='bbox 441 680 546 721; x_wconf 90' lang='lat' dir='ltr'><strong>satis</strong></span> <span class='ocrx_word' id='word_1_89' title='bbox 589 693 797 735; x_wconf 91' lang='lat' dir='ltr'><strong>magnum</strong></span> <span class='ocrx_word' id='word_1_90' title='bbox 829 678 997 733; x_wconf 90' lang='lat' dir='ltr'><strong>pondus</strong></span> <span class='ocrx_word' id='word_1_91' title='bbox 1032 693 1134 720; x_wconf 77' lang='lat' dir='ltr'><strong>saxo</strong></span> <span class='ocrx_word' id='word_1_92' title='bbox 1169 678 1379 732; x_wconf 84' lang='lat' dir='ltr'><strong>quadrato</strong></span> <span class='ocrx_word' id='word_1_93' title='bbox 1414 680 1610 733; x_wconf 88' lang='lat' dir='ltr'><strong>saeptum</strong></span> 
     </span>
    </p>
   </div>
   <div class='ocr_carea' id='block_1_8' title="bbox 39 738 568 794">
    <p class='ocr_par' dir='ltr' id='par_1_8' title="bbox 39 738 568 794">
     <span class='ocr_line' id='line_1_13' title="bbox 39 738 568 794; baseline -0.004 -11"><span class='ocrx_word' id='word_1_94' title='bbox 39 741 85 783; x_wconf 90' lang='lat' dir='ltr'><strong>in</strong></span> <span class='ocrx_word' id='word_1_95' title='bbox 117 739 331 794; x_wconf 88' lang='lat' dir='ltr'><strong>Capitolio</strong></span> <span class='ocrx_word' id='word_1_96' title='bbox 366 738 568 781; x_wconf 86' lang='lat' dir='ltr'><strong>sacravit.</strong></span> 
     </span>
    </p>
   </div>
   <div class='ocr_carea' id='block_1_9' title="bbox 43 796 1658 973">
    <p class='ocr_par' dir='ltr' id='par_1_9' title="bbox 43 796 1658 973">
     <span class='ocr_line' id='line_1_14' title="bbox 160 796 1658 841; baseline -0.003 0"><span class='ocrx_word' id='word_1_97' title='bbox 160 799 324 841; x_wconf 87' lang='lat' dir='ltr'><strong>Eodem</strong></span> <span class='ocrx_word' id='word_1_98' title='bbox 358 813 471 841; x_wconf 89' lang='lat' dir='ltr'><strong>anno</strong></span> <span class='ocrx_word' id='word_1_99' title='bbox 505 801 549 839; x_wconf 89' lang='lat' dir='ltr'><strong>et</strong></span> <span class='ocrx_word' id='word_1_100' title='bbox 581 813 605 840; x_wconf 89' lang='lat' dir='ltr'><strong>a</strong></span> <span class='ocrx_word' id='word_1_101' title='bbox 639 798 888 840; x_wconf 88' lang='lat' dir='ltr'><strong>consulibus</strong></span> <span class='ocrx_word' id='word_1_102' title='bbox 922 797 1039 839; x_wconf 89' lang='lat' dir='ltr'><strong>vario</strong></span> <span class='ocrx_word' id='word_1_103' title='bbox 1073 799 1225 838; x_wconf 87' lang='lat' dir='ltr'><strong>eventu</strong></span> <span class='ocrx_word' id='word_1_104' title='bbox 1258 796 1479 838; x_wconf 88' lang='lat' dir='ltr'><strong>bellatum.</strong></span> <span class='ocrx_word' id='word_1_105' title='bbox 1511 810 1610 837; x_wconf 90' lang='lat' dir='ltr'><strong>nam</strong></span> <span class='ocrx_word' id='word_1_106' title='bbox 1638 805 1658 837; x_wconf 85' lang='lat'>9</span> 
     </span>
     <span class='ocr_line' id='line_1_15' title="bbox 43 855 1613 912; baseline -0.003 -11"><span class='ocrx_word' id='word_1_107' title='bbox 43 858 221 901; x_wconf 89' lang='lat' dir='ltr'><strong>Hernici</strong></span> <span class='ocrx_word' id='word_1_108' title='bbox 268 873 293 900; x_wconf 91' lang='lat' dir='ltr'><strong>a</strong></span> <span class='ocrx_word' id='word_1_109' title='bbox 325 857 370 901; x_wconf 89' lang='lat' dir='ltr'><strong>C.</strong></span> <span class='ocrx_word' id='word_1_110' title='bbox 402 857 574 899; x_wconf 86' lang='lat' dir='ltr'><strong>Plautio</strong></span> <span class='ocrx_word' id='word_1_111' title='bbox 613 857 769 899; x_wconf 85' lang='lat' dir='ltr'><strong>devicti</strong></span> <span class='ocrx_word' id='word_1_112' title='bbox 807 857 1058 912; x_wconf 85' lang='lat' dir='ltr'><strong>subactique</strong></span> <span class='ocrx_word' id='word_1_113' title='bbox 1097 859 1213 912; x_wconf 84' lang='lat' dir='ltr'><strong>sunt,</strong></span> <span class='ocrx_word' id='word_1_114' title='bbox 1249 855 1407 898; x_wconf 87' lang='lat' dir='ltr'><strong>Fabius</strong></span> <span class='ocrx_word' id='word_1_115' title='bbox 1446 855 1613 910; x_wconf 85' lang='lat' dir='ltr'><strong>collega</strong></span> 
     </span>
     <span class='ocr_line' id='line_1_16' title="bbox 47 915 1610 973; baseline -0.003 -12"><span class='ocrx_word' id='word_1_116' title='bbox 47 919 142 961; x_wconf 86' lang='lat' dir='ltr'><strong>eius</strong></span> <span class='ocrx_word' id='word_1_117' title='bbox 187 919 357 960; x_wconf 81' lang='lat' dir='ltr'><strong>incaute</strong></span> <span class='ocrx_word' id='word_1_118' title='bbox 391 920 519 973; x_wconf 87' lang='lat' dir='ltr'><strong>atque</strong></span> <span class='ocrx_word' id='word_1_119' title='bbox 556 917 797 959; x_wconf 87' lang='lat' dir='ltr'><strong>inconsulte</strong></span> <span class='ocrx_word' id='word_1_120' title='bbox 842 916 1044 958; x_wconf 88' lang='lat' dir='ltr'><strong>adversus</strong></span> <span class='ocrx_word' id='word_1_121' title='bbox 1083 915 1413 971; x_wconf 85' lang='lat' dir='ltr'><strong>Tarquinienses</strong></span> <span class='ocrx_word' id='word_1_122' title='bbox 1448 929 1610 971; x_wconf 89' lang='lat' dir='ltr'><strong>pugna-</strong></span> 
     </span>
    </p>
   </div>
   <div class='ocr_carea' id='block_1_10' title="bbox 50 974 1683 1030">
    <p class='ocr_par' dir='ltr' id='par_1_10' title="bbox 50 974 1683 1030">
     <span class='ocr_line' id='line_1_17' title="bbox 50 974 1683 1030; baseline -0.003 -10"><span class='ocrx_word' id='word_1_123' title='bbox 50 978 123 1020; x_wconf 87' lang='lat' dir='ltr'><strong>vit.</strong></span> <span class='ocrx_word' id='word_1_124' title='bbox 174 992 251 1020; x_wconf 90' lang='lat' dir='ltr'><strong>nec</strong></span> <span class='ocrx_word' id='word_1_125' title='bbox 283 977 326 1019; x_wconf 90' lang='lat' dir='ltr'><strong>in</strong></span> <span class='ocrx_word' id='word_1_126' title='bbox 361 977 450 1019; x_wconf 86' lang='lat' dir='ltr'><strong>acie</strong></span> <span class='ocrx_word' id='word_1_127' title='bbox 482 979 652 1018; x_wconf 87' lang='lat' dir='ltr'><strong>tantum</strong></span> <span class='ocrx_word' id='word_1_128' title='bbox 685 976 747 1018; x_wconf 88' lang='lat' dir='ltr'><strong>ibi</strong></span> <span class='ocrx_word' id='word_1_129' title='bbox 779 976 911 1018; x_wconf 85' lang='lat' dir='ltr'><strong>cladis</strong></span> <span class='ocrx_word' id='word_1_130' title='bbox 945 978 1185 1030; x_wconf 88' lang='lat' dir='ltr'><strong>acceptum,</strong></span> <span class='ocrx_word' id='word_1_131' title='bbox 1223 990 1350 1030; x_wconf 92' lang='lat' dir='ltr'><strong>quam</strong></span> <span class='ocrx_word' id='word_1_132' title='bbox 1385 974 1496 1030; x_wconf 90' lang='lat' dir='ltr'><strong>quod</strong></span> <span class='ocrx_word' id='word_1_133' title='bbox 1529 976 1610 1015; x_wconf 89' lang='lat' dir='ltr'><strong>tre·</strong></span> <span class='ocrx_word' id='word_1_134' title='bbox 1641 983 1683 1015; x_wconf 86' lang='lat'><strong>10</strong></span> 
     </span>
    </p>
   </div>
   <div class='ocr_carea' id='block_1_11' title="bbox 46 1033 1610 1151">
    <p class='ocr_par' dir='ltr' id='par_1_11' title="bbox 46 1033 1610 1151">
     <span class='ocr_line' id='line_1_18' title="bbox 50 1033 1610 1091; baseline -0.003 -12"><span class='ocrx_word' id='word_1_135' title='bbox 50 1040 198 1079; x_wconf 89' lang='lat' dir='ltr'><strong>centos</strong></span> <span class='ocrx_word' id='word_1_136' title='bbox 239 1039 405 1091; x_wconf 89' lang='lat' dir='ltr'><strong>septem</strong></span> <span class='ocrx_word' id='word_1_137' title='bbox 445 1037 604 1077; x_wconf 87' lang='lat' dir='ltr'><strong>milites</strong></span> <span class='ocrx_word' id='word_1_138' title='bbox 648 1035 869 1078; x_wconf 86' lang='lat' dir='ltr'><strong>Romanos</strong></span> <span class='ocrx_word' id='word_1_139' title='bbox 909 1038 1058 1090; x_wconf 88' lang='lat' dir='ltr'><strong>captos</strong></span> <span class='ocrx_word' id='word_1_140' title='bbox 1094 1034 1423 1089; x_wconf 82' lang='lat' dir='ltr'><strong>Tarquinienses</strong></span> <span class='ocrx_word' id='word_1_141' title='bbox 1461 1033 1610 1075; x_wconf 88' lang='lat' dir='ltr'><strong>immo-</strong></span> 
     </span>
     <span class='ocr_line' id='line_1_19' title="bbox 46 1093 1610 1151; baseline -0.003 -13"><span class='ocrx_word' id='word_1_142' title='bbox 46 1097 212 1151; x_wconf 84' lang='lat' dir='ltr'><strong>larunt,</strong></span> <span class='ocrx_word' id='word_1_143' title='bbox 264 1110 348 1151; x_wconf 89' lang='lat' dir='ltr'><strong>qua</strong></span> <span class='ocrx_word' id='word_1_144' title='bbox 394 1095 602 1138; x_wconf 87' lang='lat' dir='ltr'><strong>foeditate</strong></span> <span class='ocrx_word' id='word_1_145' title='bbox 654 1095 853 1150; x_wconf 87' lang='lat' dir='ltr'><strong>supplicii</strong></span> <span class='ocrx_word' id='word_1_146' title='bbox 912 1095 1130 1148; x_wconf 86' lang='lat' dir='ltr'><strong>aliquanto</strong></span> <span class='ocrx_word' id='word_1_147' title='bbox 1178 1094 1420 1150; x_wconf 83' lang='lat' dir='ltr'><strong>ignominia</strong></span> <span class='ocrx_word' id='word_1_148' title='bbox 1463 1093 1610 1148; x_wconf 88' lang='lat' dir='ltr'><strong>populi</strong></span> 
     </span>
    </p>
   </div>
   <div class='ocr_carea' id='block_1_12' title="bbox 46 1154 641 1211">
    <p class='ocr_par' dir='ltr' id='par_1_12' title="bbox 46 1154 641 1211">
     <span class='ocr_line' id='line_1_20' title="bbox 46 1154 641 1211; baseline -0.003 -13"><span class='ocrx_word' id='word_1_149' title='bbox 46 1155 233 1198; x_wconf 90' lang='lat' dir='ltr'><strong>Romani</strong></span> <span class='ocrx_word' id='word_1_150' title='bbox 265 1155 515 1211; x_wconf 83' lang='lat' dir='ltr'><strong>insignitior</strong></span> <span class='ocrx_word' id='word_1_151' title='bbox 546 1154 641 1197; x_wconf 85' lang='lat' dir='ltr'><strong>fuit.</strong></span> 
     </span>
    </p>
   </div>
   <div class='ocr_carea' id='block_1_13' title="bbox 41 1318 795 1650">
    <p class='ocr_par' dir='ltr' id='par_1_13' title="bbox 44 1318 794 1412">
     <span class='ocr_line' id='line_1_21' title="bbox 44 1318 794 1362; baseline -0.003 -7"><span class='ocrx_word' id='word_1_152' title='bbox 44 1319 127 1355; x_wconf 85' lang='lat' dir='ltr'><strong>vius</strong></span> <span class='ocrx_word' id='word_1_153' title='bbox 162 1319 216 1354; x_wconf 85' lang='lat' dir='ltr'><strong>oft</strong></span> <span class='ocrx_word' id='word_1_154' title='bbox 246 1319 298 1354; x_wconf 85' lang='lat' dir='ltr'><strong>im</strong></span> <span class='ocrx_word' id='word_1_155' title='bbox 330 1318 442 1355; x_wconf 86' lang='lat' dir='ltr'><strong>Sinne</strong></span> <span class='ocrx_word' id='word_1_156' title='bbox 475 1330 547 1355; x_wconf 81' lang='lat' dir='ltr'><strong>von</strong></span> <span class='ocrx_word' id='word_1_157' title='bbox 574 1319 794 1362; x_wconf 74' lang='lat' dir='ltr'><strong>contendere,</strong></span> 
     </span>
     <span class='ocr_line' id='line_1_22' title="bbox 44 1366 365 1412; baseline 0 -10"><span class='ocrx_word' id='word_1_158' title='bbox 44 1367 205 1412; x_wconf 86' lang='lat' dir='ltr'><strong>‘gehen,</strong></span> <span class='ocrx_word' id='word_1_159' title='bbox 233 1366 365 1402; x_wconf 88' lang='lat' dir='ltr'><strong>eilen&#39;.</strong></span> 
     </span>
    </p>

    <p class='ocr_par' dir='ltr' id='par_1_14' title="bbox 41 1413 795 1650">
     <span class='ocr_line' id='line_1_23' title="bbox 90 1413 794 1460; baseline -0.004 -10"><span class='ocrx_word' id='word_1_160' title='bbox 90 1415 237 1459; x_wconf 80' lang='lat' dir='ltr'><strong>obliquo</strong></span> <span class='ocrx_word' id='word_1_161' title='bbox 262 1414 396 1460; x_wconf 75' lang='lat' dir='ltr'><strong>monte]</strong></span> <span class='ocrx_word' id='word_1_162' title='bbox 421 1413 578 1458; x_wconf 69' lang='lat' dir='ltr'><strong>‘schrag</strong></span> <span class='ocrx_word' id='word_1_163' title='bbox 597 1423 656 1447; x_wconf 87' lang='lat' dir='ltr'><strong>am</strong></span> <span class='ocrx_word' id='word_1_164' title='bbox 675 1414 794 1458; x_wconf 84' lang='lat' dir='ltr'><strong>Berge</strong></span> 
     </span>
     <span class='ocr_line' id='line_1_24' title="bbox 44 1459 794 1507; baseline -0.004 -10"><span class='ocrx_word' id='word_1_165' title='bbox 44 1462 109 1497; x_wconf 81' lang='lat' dir='ltr'><strong>hin</strong></span> <span class='ocrx_word' id='word_1_166' title='bbox 121 1462 146 1506; x_wconf 93' lang='lat'><strong>&#39;‚</strong></span> <span class='ocrx_word' id='word_1_167' title='bbox 168 1461 274 1497; x_wconf 85' lang='lat' dir='ltr'><strong>nicht</strong></span> <span class='ocrx_word' id='word_1_168' title='bbox 287 1463 426 1507; x_wconf 88' lang='lat' dir='ltr'><strong>gerade</strong></span> <span class='ocrx_word' id='word_1_169' title='bbox 441 1462 508 1496; x_wconf 87' lang='lat' dir='ltr'><strong>auf</strong></span> <span class='ocrx_word' id='word_1_170' title='bbox 520 1461 579 1496; x_wconf 88' lang='lat' dir='ltr'><strong>die</strong></span> <span class='ocrx_word' id='word_1_171' title='bbox 593 1459 794 1505; x_wconf 77' lang='lat' dir='ltr'><strong>Kampfen-</strong></span> 
     </span>
     <span class='ocr_line' id='line_1_25' title="bbox 45 1507 794 1553; baseline -0.003 -9"><span class='ocrx_word' id='word_1_172' title='bbox 45 1509 119 1544; x_wconf 88' lang='lat' dir='ltr'><strong>den</strong></span> <span class='ocrx_word' id='word_1_173' title='bbox 143 1521 198 1553; x_wconf 79' lang='lat' dir='ltr'>zU,</span> <span class='ocrx_word' id='word_1_174' title='bbox 221 1509 274 1544; x_wconf 78' lang='lat' dir='ltr'><strong>als</strong></span> <span class='ocrx_word' id='word_1_175' title='bbox 294 1509 448 1544; x_wconf 91' lang='lat' dir='ltr'><strong>wollten</strong></span> <span class='ocrx_word' id='word_1_176' title='bbox 469 1507 521 1543; x_wconf 85' lang='lat' dir='ltr'><strong>sie</strong></span> <span class='ocrx_word' id='word_1_177' title='bbox 543 1509 614 1543; x_wconf 87' lang='lat' dir='ltr'><strong>den</strong></span> <span class='ocrx_word' id='word_1_178' title='bbox 628 1508 794 1543; x_wconf 86' lang='lat' dir='ltr'><strong>Galliern</strong></span> 
     </span>
     <span class='ocr_line' id='line_1_26' title="bbox 41 1555 795 1601; baseline -0.003 -9"><span class='ocrx_word' id='word_1_179' title='bbox 41 1557 81 1592; x_wconf 89' lang='lat' dir='ltr'><strong>in</strong></span> <span class='ocrx_word' id='word_1_180' title='bbox 122 1557 194 1592; x_wconf 89' lang='lat' dir='ltr'><strong>den</strong></span> <span class='ocrx_word' id='word_1_181' title='bbox 226 1556 381 1591; x_wconf 76' lang='lat' dir='ltr'><strong>Rueken</strong></span> <span class='ocrx_word' id='word_1_182' title='bbox 417 1556 603 1601; x_wconf 88' lang='lat' dir='ltr'><strong>gelangen</strong></span> <span class='ocrx_word' id='word_1_183' title='bbox 634 1555 711 1591; x_wconf 89' lang='lat' dir='ltr'><strong>und</strong></span> <span class='ocrx_word' id='word_1_184' title='bbox 743 1555 795 1590; x_wconf 87' lang='lat' dir='ltr'><strong>sie</strong></span> 
     </span>
     <span class='ocr_line' id='line_1_27' title="bbox 42 1603 566 1650; baseline -0.002 -10"><span class='ocrx_word' id='word_1_185' title='bbox 42 1614 131 1640; x_wconf 89' lang='lat' dir='ltr'><strong>vom</strong></span> <span class='ocrx_word' id='word_1_186' title='bbox 157 1603 278 1650; x_wconf 86' lang='lat' dir='ltr'><strong>Lager</strong></span> <span class='ocrx_word' id='word_1_187' title='bbox 304 1603 566 1639; x_wconf 88' lang='lat' dir='ltr'><strong>abschneiden.</strong></span> 
     </span>
    </p>
   </div>
   <div class='ocr_carea' id='block_1_14' title="bbox 42 1656 791 1858">
    <p class='ocr_par' dir='ltr' id='par_1_15' title="bbox 42 1656 791 1750">
     <span class='ocr_line' id='line_1_28' title="bbox 89 1656 791 1704; baseline -0.006 -11"><span class='ocrx_word' id='word_1_188' title='bbox 89 1657 200 1704; x_wconf 75' lang='lat' dir='ltr'><strong>metu]</strong></span> <span class='ocrx_word' id='word_1_189' title='bbox 227 1656 351 1692; x_wconf 87' lang='lat' dir='ltr'><strong>Ablat.</strong></span> <span class='ocrx_word' id='word_1_190' title='bbox 380 1667 513 1692; x_wconf 77' lang='lat' dir='ltr'><strong>causae</strong></span> <span class='ocrx_word' id='word_1_191' title='bbox 547 1659 594 1702; x_wconf 93' lang='lat'>(3,</span> <span class='ocrx_word' id='word_1_192' title='bbox 616 1660 648 1700; x_wconf 89' lang='lat'>5,</span> <span class='ocrx_word' id='word_1_193' title='bbox 669 1660 689 1690; x_wconf 85' lang='lat'>5</span> <span class='ocrx_word' id='word_1_194' title='bbox 715 1656 791 1690; x_wconf 86' lang='lat' dir='ltr'><strong>und</strong></span> 
     </span>
     <span class='ocr_line' id='line_1_29' title="bbox 42 1707 372 1750; baseline -0.003 -10"><span class='ocrx_word' id='word_1_195' title='bbox 42 1709 100 1750; x_wconf 88' lang='lat'><strong>35,</strong></span> <span class='ocrx_word' id='word_1_196' title='bbox 121 1710 159 1748; x_wconf 75' lang='lat'><strong>23</strong></span> <span class='ocrx_word' id='word_1_197' title='bbox 194 1709 227 1747; x_wconf 81' lang='lat'>6,</span> <span class='ocrx_word' id='word_1_198' title='bbox 246 1709 304 1747; x_wconf 81' lang='lat'>21,</span> <span class='ocrx_word' id='word_1_199' title='bbox 326 1707 372 1749; x_wconf 82' lang='lat'><strong>7).</strong></span> 
     </span>
    </p>

    <p class='ocr_par' dir='ltr' id='par_1_16' title="bbox 91 1757 707 1804">
     <span class='ocr_line' id='line_1_30' title="bbox 91 1757 707 1804; baseline -0.005 -10"><span class='ocrx_word' id='word_1_200' title='bbox 91 1758 383 1804; x_wconf 77' lang='lat' dir='ltr'><strong>eoecluclerentur]</strong></span> <span class='ocrx_word' id='word_1_201' title='bbox 410 1758 488 1793; x_wconf 82' lang='lat' dir='ltr'><strong>scil.</strong></span> <span class='ocrx_word' id='word_1_202' title='bbox 517 1770 541 1793; x_wconf 92' lang='lat' dir='ltr'><strong>a</strong></span> <span class='ocrx_word' id='word_1_203' title='bbox 567 1757 707 1793; x_wconf 77' lang='lat' dir='ltr'><strong>castris.</strong></span> 
     </span>
    </p>

    <p class='ocr_par' dir='ltr' id='par_1_17' title="bbox 91 1810 576 1858">
     <span class='ocr_line' id='line_1_31' title="bbox 91 1810 576 1858; baseline -0.004 -10"><span class='ocrx_word' id='word_1_204' title='bbox 91 1811 239 1858; x_wconf 78' lang='lat' dir='ltr'><strong>omissa]</strong></span> <span class='ocrx_word' id='word_1_205' title='bbox 267 1811 378 1847; x_wconf 68' lang='lat' dir='ltr'><strong>naml.</strong></span> <span class='ocrx_word' id='word_1_206' title='bbox 400 1822 423 1845; x_wconf 87' lang='lat' dir='ltr'><strong>a</strong></span> <span class='ocrx_word' id='word_1_207' title='bbox 446 1810 576 1846; x_wconf 75' lang='lat' dir='ltr'><strong>Gallis.</strong></span> 
     </span>
    </p>
   </div>
   <div class='ocr_carea' id='block_1_15' title="bbox 10 1864 796 2930">
    <p class='ocr_par' dir='ltr' id='par_1_18' title="bbox 42 1864 790 2100">
     <span class='ocr_line' id='line_1_32' title="bbox 92 1864 790 1910; baseline -0.003 -10"><span class='ocrx_word' id='word_1_208' title='bbox 92 1869 123 1900; x_wconf 89' lang='lat'><strong>6.</strong></span> <span class='ocrx_word' id='word_1_209' title='bbox 144 1865 389 1910; x_wconf 75' lang='lat' dir='ltr'><strong>obequitabat]</strong></span> <span class='ocrx_word' id='word_1_210' title='bbox 406 1864 475 1899; x_wconf 85' lang='lat' dir='ltr'><strong>mit</strong></span> <span class='ocrx_word' id='word_1_211' title='bbox 490 1864 572 1908; x_wconf 84' lang='lat' dir='ltr'><strong>Dat,</strong></span> <span class='ocrx_word' id='word_1_212' title='bbox 590 1864 600 1880; x_wconf 83' lang='lat'><em>‘</em></span> <span class='ocrx_word' id='word_1_213' title='bbox 613 1875 659 1899; x_wconf 88' lang='lat' dir='ltr'><strong>an</strong></span> <span class='ocrx_word' id='word_1_214' title='bbox 676 1865 790 1898; x_wconf 83' lang='lat' dir='ltr'><strong>etwas</strong></span> 
     </span>
     <span class='ocr_line' id='line_1_33' title="bbox 42 1911 790 1955; baseline -0.003 -8"><span class='ocrx_word' id='word_1_215' title='bbox 42 1912 317 1955; x_wconf 75' lang='lat' dir='ltr'><strong>hex-anreiten&#39;,</strong></span> <span class='ocrx_word' id='word_1_216' title='bbox 345 1912 546 1946; x_wconf 85' lang='lat' dir='ltr'><strong>mehrmals</strong></span> <span class='ocrx_word' id='word_1_217' title='bbox 577 1911 638 1947; x_wconf 86' lang='lat' dir='ltr'><strong>bei</strong></span> <span class='ocrx_word' id='word_1_218' title='bbox 664 1911 790 1946; x_wconf 78' lang='lat' dir='ltr'><strong>Livius</strong></span> 
     </span>
     <span class='ocr_line' id='line_1_34' title="bbox 44 1962 790 2005; baseline -0.001 -11"><span class='ocrx_word' id='word_1_219' title='bbox 44 1962 92 2005; x_wconf 86' lang='lat'>(2,</span> <span class='ocrx_word' id='word_1_220' title='bbox 111 1963 167 2002; x_wconf 83' lang='lat'>45,</span> <span class='ocrx_word' id='word_1_221' title='bbox 189 1964 226 2002; x_wconf 75' lang='lat'><strong>3³</strong></span> <span class='ocrx_word' id='word_1_222' title='bbox 254 1964 286 2002; x_wconf 90' lang='lat'>4,</span> <span class='ocrx_word' id='word_1_223' title='bbox 311 1963 363 2003; x_wconf 89' lang='lat'>18,</span> <span class='ocrx_word' id='word_1_224' title='bbox 386 1963 423 2001; x_wconf 74' lang='lat'><strong>83</strong></span> <span class='ocrx_word' id='word_1_225' title='bbox 451 1963 482 2002; x_wconf 83' lang='lat'>9,</span> <span class='ocrx_word' id='word_1_226' title='bbox 499 1964 554 2003; x_wconf 84' lang='lat'>36,</span> <span class='ocrx_word' id='word_1_227' title='bbox 578 1963 637 2001; x_wconf 90' lang='lat'><strong>10;</strong></span> <span class='ocrx_word' id='word_1_228' title='bbox 665 1962 790 2002; x_wconf 81' lang='lat'>23‚46,</span> 
     </span>
     <span class='ocr_line' id='line_1_35' title="bbox 47 2006 790 2052; baseline -0.004 -9"><span class='ocrx_word' id='word_1_229' title='bbox 47 2012 107 2050; x_wconf 81' lang='lat'><strong>133</strong></span> <span class='ocrx_word' id='word_1_230' title='bbox 129 2011 184 2050; x_wconf 84' lang='lat'>35,</span> <span class='ocrx_word' id='word_1_231' title='bbox 200 2010 310 2052; x_wconf 88' lang='lat'>11,6),</span> <span class='ocrx_word' id='word_1_232' title='bbox 329 2007 538 2041; x_wconf 62' lang='lat' dir='ltr'><strong>austerclem</strong></span> <span class='ocrx_word' id='word_1_233' title='bbox 555 2007 676 2051; x_wconf 83' lang='lat' dir='ltr'><strong>einige</strong></span> <span class='ocrx_word' id='word_1_234' title='bbox 692 2006 790 2041; x_wconf 88' lang='lat' dir='ltr'><strong>Male</strong></span> 
     </span>
     <span class='ocr_line' id='line_1_36' title="bbox 44 2053 637 2100; baseline -0.003 -10"><span class='ocrx_word' id='word_1_235' title='bbox 44 2055 106 2090; x_wconf 87' lang='lat' dir='ltr'><strong>bei</strong></span> <span class='ocrx_word' id='word_1_236' title='bbox 132 2056 304 2100; x_wconf 68' lang='lat' dir='ltr'><strong>spateren</strong></span> <span class='ocrx_word' id='word_1_237' title='bbox 331 2053 637 2090; x_wconf 76' lang='lat' dir='ltr'><strong>Schriftstellern.</strong></span> 
     </span>
    </p>

    <p class='ocr_par' dir='ltr' id='par_1_19' title="bbox 10 2108 793 2295">
     <span class='ocr_line' id='line_1_37' title="bbox 94 2108 792 2154; baseline -0.004 -10"><span class='ocrx_word' id='word_1_238' title='bbox 94 2113 124 2144; x_wconf 79' lang='lat'><strong>7.</strong></span> <span class='ocrx_word' id='word_1_239' title='bbox 158 2120 181 2144; x_wconf 84' lang='lat' dir='ltr'><strong>a</strong></span> <span class='ocrx_word' id='word_1_240' title='bbox 207 2137 214 2144; x_wconf 93' lang='lat'><strong>.</strong></span> <span class='ocrx_word' id='word_1_241' title='bbox 238 2137 244 2143; x_wconf 93' lang='lat'><strong>.</strong></span> <span class='ocrx_word' id='word_1_242' title='bbox 269 2135 276 2143; x_wconf 93' lang='lat'><strong>.</strong></span> <span class='ocrx_word' id='word_1_243' title='bbox 301 2108 431 2154; x_wconf 78' lang='lat' dir='ltr'><strong>specie]</strong></span> <span class='ocrx_word' id='word_1_244' title='bbox 473 2109 566 2143; x_wconf 80' lang='lat' dir='ltr'><strong>‘von</strong></span> <span class='ocrx_word' id='word_1_245' title='bbox 604 2108 668 2142; x_wconf 87' lang='lat' dir='ltr'><strong>der</strong></span> <span class='ocrx_word' id='word_1_246' title='bbox 711 2109 792 2142; x_wconf 70' lang='lat' dir='ltr'><strong>tau-</strong></span> 
     </span>
     <span class='ocr_line' id='line_1_38' title="bbox 48 2154 793 2198; baseline -0.005 -6"><span class='ocrx_word' id='word_1_247' title='bbox 48 2155 236 2192; x_wconf 81' lang='lat' dir='ltr'><strong>schenden</strong></span> <span class='ocrx_word' id='word_1_248' title='bbox 252 2154 537 2190; x_wconf 83' lang='lat' dir='ltr'><strong>Scheiureiterei</strong></span> <span class='ocrx_word' id='word_1_249' title='bbox 548 2156 572 2198; x_wconf 92' lang='lat'>&#39;,</span> <span class='ocrx_word' id='word_1_250' title='bbox 587 2154 699 2190; x_wconf 68' lang='lat' dir='ltr'><strong>naml.</strong></span> <span class='ocrx_word' id='word_1_251' title='bbox 721 2155 793 2189; x_wconf 88' lang='lat' dir='ltr'><strong>den</strong></span> 
     </span>
     <span class='ocr_line' id='line_1_39' title="bbox 10 2202 793 2247; baseline -0.003 -8"><span class='ocrx_word' id='word_1_252' title='bbox 10 2243 12 2247; x_wconf 49' lang='grc'>,</span> <span class='ocrx_word' id='word_1_253' title='bbox 48 2207 115 2239; x_wconf 90' lang='grc'><strong>100</strong></span> <span class='ocrx_word' id='word_1_254' title='bbox 147 2203 317 2247; x_wconf 84' lang='lat' dir='ltr'><strong>Reitern,</strong></span> <span class='ocrx_word' id='word_1_255' title='bbox 355 2203 496 2238; x_wconf 87' lang='lat' dir='ltr'><strong>welche</strong></span> <span class='ocrx_word' id='word_1_256' title='bbox 536 2203 607 2237; x_wconf 90' lang='lat' dir='ltr'><strong>den</strong></span> <span class='ocrx_word' id='word_1_257' title='bbox 645 2202 793 2237; x_wconf 86' lang='lat' dir='ltr'><strong>Pferde-</strong></span> 
     </span>
     <span class='ocr_line' id='line_1_40' title="bbox 46 2249 616 2295; baseline -0.004 -9"><span class='ocrx_word' id='word_1_258' title='bbox 46 2251 234 2286; x_wconf 86' lang='lat' dir='ltr'><strong>knechten</strong></span> <span class='ocrx_word' id='word_1_259' title='bbox 260 2249 458 2295; x_wconf 84' lang='lat' dir='ltr'><strong>beigesellt</strong></span> <span class='ocrx_word' id='word_1_260' title='bbox 482 2261 616 2285; x_wconf 87' lang='lat' dir='ltr'><strong>waren.</strong></span> 
     </span>
    </p>

    <p class='ocr_par' dir='ltr' id='par_1_20' title="bbox 41 2302 796 2538">
     <span class='ocr_line' id='line_1_41' title="bbox 95 2302 791 2349; baseline -0.003 -10"><span class='ocrx_word' id='word_1_261' title='bbox 95 2309 127 2340; x_wconf 91' lang='lat'><strong>8.</strong></span> <span class='ocrx_word' id='word_1_262' title='bbox 162 2305 217 2339; x_wconf 84' lang='lat' dir='ltr'><strong>M.</strong></span> <span class='ocrx_word' id='word_1_263' title='bbox 245 2303 423 2349; x_wconf 75' lang='lat' dir='ltr'><strong>Furium]</strong></span> <span class='ocrx_word' id='word_1_264' title='bbox 474 2304 559 2349; x_wconf 88' lang='lat' dir='ltr'><strong>Vgl.</strong></span> <span class='ocrx_word' id='word_1_265' title='bbox 585 2302 677 2348; x_wconf 85' lang='lat' dir='ltr'><strong>Kap.</strong></span> <span class='ocrx_word' id='word_1_266' title='bbox 708 2308 737 2346; x_wconf 93' lang='lat'>1,</span> <span class='ocrx_word' id='word_1_267' title='bbox 760 2306 791 2337; x_wconf 88' lang='grc'><strong>9.</strong></span> 
     </span>
     <span class='ocr_line' id='line_1_42' title="bbox 46 2350 793 2397; baseline -0.001 -11"><span class='ocrx_word' id='word_1_268' title='bbox 46 2352 191 2397; x_wconf 81' lang='lat' dir='ltr'><strong>Wegen</strong></span> <span class='ocrx_word' id='word_1_269' title='bbox 206 2351 326 2386; x_wconf 87' lang='lat' dir='ltr'><strong>seines</strong></span> <span class='ocrx_word' id='word_1_270' title='bbox 339 2350 466 2395; x_wconf 53' lang='lat' dir='ltr'><strong>sieges</strong></span> <span class='ocrx_word' id='word_1_271' title='bbox 481 2352 556 2385; x_wconf 87' lang='lat' dir='ltr'><strong>und</strong></span> <span class='ocrx_word' id='word_1_272' title='bbox 571 2351 793 2395; x_wconf 82' lang='lat' dir='ltr'><strong>Triumphes</strong></span> 
     </span>
     <span class='ocr_line' id='line_1_43' title="bbox 46 2397 796 2442; baseline -0.001 -8"><span class='ocrx_word' id='word_1_273' title='bbox 46 2399 138 2435; x_wconf 73' lang='lat' dir='ltr'><strong>iiber</strong></span> <span class='ocrx_word' id='word_1_274' title='bbox 157 2398 215 2434; x_wconf 82' lang='lat' dir='ltr'><strong>die</strong></span> <span class='ocrx_word' id='word_1_275' title='bbox 232 2397 372 2434; x_wconf 83' lang='lat' dir='ltr'><strong>Gallier</strong></span> <span class='ocrx_word' id='word_1_276' title='bbox 392 2398 517 2433; x_wconf 85' lang='lat' dir='ltr'><strong>wurde</strong></span> <span class='ocrx_word' id='word_1_277' title='bbox 533 2410 571 2433; x_wconf 86' lang='lat' dir='ltr'><strong>er</strong></span> <span class='ocrx_word' id='word_1_278' title='bbox 585 2399 640 2432; x_wconf 88' lang='lat' dir='ltr'><strong>als</strong></span> <span class='ocrx_word' id='word_1_279' title='bbox 659 2408 796 2442; x_wconf 78' lang='lat' dir='ltr'><strong>parens</strong></span> 
     </span>
     <span class='ocr_line' id='line_1_44' title="bbox 41 2446 793 2492; baseline -0.003 -10"><span class='ocrx_word' id='word_1_280' title='bbox 41 2447 190 2492; x_wconf 76' lang='lat' dir='ltr'><strong>patriae</strong></span> <span class='ocrx_word' id='word_1_281' title='bbox 221 2446 453 2491; x_wconf 76' lang='lat' dir='ltr'><strong>conditorque</strong></span> <span class='ocrx_word' id='word_1_282' title='bbox 484 2447 576 2481; x_wconf 80' lang='lat' dir='ltr'><strong>alter</strong></span> <span class='ocrx_word' id='word_1_283' title='bbox 602 2447 704 2481; x_wconf 82' lang='lat' dir='ltr'><strong>urbis</strong></span> <span class='ocrx_word' id='word_1_284' title='bbox 731 2446 793 2480; x_wconf 86' lang='lat' dir='ltr'><strong>be-</strong></span> 
     </span>
     <span class='ocr_line' id='line_1_45' title="bbox 47 2494 436 2538; baseline -0.005 -9"><span class='ocrx_word' id='word_1_285' title='bbox 47 2494 216 2529; x_wconf 84' lang='lat' dir='ltr'><strong>zeichnet</strong></span> <span class='ocrx_word' id='word_1_286' title='bbox 241 2495 289 2538; x_wconf 86' lang='lat'>(5,</span> <span class='ocrx_word' id='word_1_287' title='bbox 310 2496 366 2537; x_wconf 88' lang='grc'><strong>49,</strong></span> <span class='ocrx_word' id='word_1_288' title='bbox 389 2495 436 2537; x_wconf 82' lang='lat'><strong>7).</strong></span> 
     </span>
    </p>

    <p class='ocr_par' dir='ltr' id='par_1_21' title="bbox 48 2545 793 2686">
     <span class='ocr_line' id='line_1_46' title="bbox 95 2545 792 2592; baseline -0.006 -9"><span class='ocrx_word' id='word_1_289' title='bbox 95 2558 202 2592; x_wconf 77' lang='lat' dir='ltr'><strong>quam</strong></span> <span class='ocrx_word' id='word_1_290' title='bbox 225 2546 260 2582; x_wconf 81' lang='grc' dir='ltr'><strong>Ο.</strong></span> <span class='ocrx_word' id='word_1_291' title='bbox 280 2546 484 2592; x_wconf 77' lang='lat' dir='ltr'><strong>Sulpicius]</strong></span> <span class='ocrx_word' id='word_1_292' title='bbox 507 2545 792 2591; x_wconf 73' lang='lat' dir='ltr'><strong>ungewohnlich</strong></span> 
     </span>
     <span class='ocr_line' id='line_1_47' title="bbox 48 2593 793 2639; baseline -0.004 -9"><span class='ocrx_word' id='word_1_293' title='bbox 48 2605 115 2630; x_wconf 82' lang='lat' dir='ltr'><strong>vor</strong></span> <span class='ocrx_word' id='word_1_294' title='bbox 140 2595 210 2629; x_wconf 89' lang='lat' dir='ltr'><strong>den</strong></span> <span class='ocrx_word' id='word_1_295' title='bbox 240 2594 482 2639; x_wconf 86' lang='lat' dir='ltr'><strong>Komparativ</strong></span> <span class='ocrx_word' id='word_1_296' title='bbox 507 2594 679 2638; x_wconf 42' lang='lat' dir='ltr'><strong>gestella</strong></span> <span class='ocrx_word' id='word_1_297' title='bbox 705 2593 793 2627; x_wconf 68' lang='lat' dir='ltr'><strong>abn-</strong></span> 
     </span>
     <span class='ocr_line' id='line_1_48' title="bbox 49 2640 724 2686; baseline 0 -11"><span class='ocrx_word' id='word_1_298' title='bbox 49 2640 125 2677; x_wconf 87' lang='lat' dir='ltr'><strong>lich</strong></span> <span class='ocrx_word' id='word_1_299' title='bbox 151 2646 183 2686; x_wconf 83' lang='lat'>6,</span> <span class='ocrx_word' id='word_1_300' title='bbox 204 2645 237 2686; x_wconf 87' lang='lat'>4,</span> <span class='ocrx_word' id='word_1_301' title='bbox 260 2646 319 2683; x_wconf 88' lang='lat'><strong>11;</strong></span> <span class='ocrx_word' id='word_1_302' title='bbox 349 2645 403 2683; x_wconf 84' lang='lat'>10,</span> <span class='ocrx_word' id='word_1_303' title='bbox 424 2645 462 2683; x_wconf 78' lang='lat'><strong>43</strong></span> <span class='ocrx_word' id='word_1_304' title='bbox 492 2645 611 2684; x_wconf 88' lang='lat'>15,10</span> <span class='ocrx_word' id='word_1_305' title='bbox 638 2653 671 2676; x_wconf 86' lang='lat' dir='ltr'><strong>u.</strong></span> <span class='ocrx_word' id='word_1_306' title='bbox 693 2652 724 2675; x_wconf 84' lang='lat' dir='ltr'><strong>a.</strong></span> 
     </span>
    </p>

    <p class='ocr_par' dir='ltr' id='par_1_22' title="bbox 51 2693 794 2882">
     <span class='ocr_line' id='line_1_49' title="bbox 97 2693 792 2741; baseline -0.001 -12"><span class='ocrx_word' id='word_1_307' title='bbox 97 2695 167 2741; x_wconf 71' lang='lat' dir='ltr'><strong>eyit</strong></span> <span class='ocrx_word' id='word_1_308' title='bbox 191 2695 430 2741; x_wconf 78' lang='lat' dir='ltr'><strong>triumphum]</strong></span> <span class='ocrx_word' id='word_1_309' title='bbox 467 2706 526 2729; x_wconf 86' lang='lat' dir='ltr'><strong>am</strong></span> <span class='ocrx_word' id='word_1_310' title='bbox 555 2698 585 2729; x_wconf 81' lang='lat'><strong>7.</strong></span> <span class='ocrx_word' id='word_1_311' title='bbox 608 2693 699 2736; x_wconf 75' lang='lat' dir='ltr'><strong>Mai3</strong></span> <span class='ocrx_word' id='word_1_312' title='bbox 733 2704 792 2728; x_wconf 81' lang='lat' dir='ltr'><strong>am</strong></span> 
     </span>
     <span class='ocr_line' id='line_1_50' title="bbox 52 2741 793 2786; baseline -0.003 -9"><span class='ocrx_word' id='word_1_313' title='bbox 52 2745 107 2777; x_wconf 81' lang='lat'><strong>15.</strong></span> <span class='ocrx_word' id='word_1_314' title='bbox 117 2741 191 2776; x_wconf 78' lang='lat' dir='ltr'><strong>Mai</strong></span> <span class='ocrx_word' id='word_1_315' title='bbox 201 2741 461 2786; x_wconf 82' lang='lat' dir='ltr'><strong>triumphierte</strong></span> <span class='ocrx_word' id='word_1_316' title='bbox 473 2743 570 2777; x_wconf 87' lang='lat' dir='ltr'><strong>daun</strong></span> <span class='ocrx_word' id='word_1_317' title='bbox 580 2742 643 2776; x_wconf 86' lang='lat' dir='ltr'><strong>der</strong></span> <span class='ocrx_word' id='word_1_318' title='bbox 651 2741 793 2776; x_wconf 87' lang='lat' dir='ltr'><strong>Konsul</strong></span> 
     </span>
     <span class='ocr_line' id='line_1_51' title="bbox 52 2787 794 2834; baseline 0 -11"><span class='ocrx_word' id='word_1_319' title='bbox 52 2787 89 2824; x_wconf 87' lang='lat' dir='ltr'><strong>G.</strong></span> <span class='ocrx_word' id='word_1_320' title='bbox 100 2788 268 2824; x_wconf 83' lang='lat' dir='ltr'><strong>Plautius</strong></span> <span class='ocrx_word' id='word_1_321' title='bbox 288 2790 381 2824; x_wconf 80' lang='lat' dir='ltr'><strong>fiber</strong></span> <span class='ocrx_word' id='word_1_322' title='bbox 401 2789 460 2824; x_wconf 89' lang='lat' dir='ltr'><strong>die</strong></span> <span class='ocrx_word' id='word_1_323' title='bbox 480 2789 662 2824; x_wconf 87' lang='lat' dir='ltr'><strong>Herniker</strong></span> <span class='ocrx_word' id='word_1_324' title='bbox 683 2789 794 2834; x_wconf 86' lang='lat' dir='ltr'><strong>(nach</strong></span> 
     </span>
     <span class='ocr_line' id='line_1_52' title="bbox 51 2835 518 2882; baseline 0.004 -12"><span class='ocrx_word' id='word_1_325' title='bbox 51 2835 123 2870; x_wconf 87' lang='lat' dir='ltr'><strong>den</strong></span> <span class='ocrx_word' id='word_1_326' title='bbox 147 2835 518 2882; x_wconf 85' lang='lat' dir='ltr'><strong>Triumphalfasten).</strong></span> 
     </span>
    </p>

    <p class='ocr_par' dir='ltr' id='par_1_23' title="bbox 101 2883 794 2930">
     <span class='ocr_line' id='line_1_53' title="bbox 101 2883 794 2930; baseline 0 -12"><span class='ocrx_word' id='word_1_327' title='bbox 101 2893 191 2918; x_wconf 75' lang='lat' dir='ltr'><strong>sacco</strong></span> <span class='ocrx_word' id='word_1_328' title='bbox 216 2885 395 2928; x_wconf 79' lang='lat' dir='ltr'><strong>quadrato</strong></span> <span class='ocrx_word' id='word_1_329' title='bbox 426 2884 604 2930; x_wconf 77' lang='lat' dir='ltr'><strong>saeptum]</strong></span> <span class='ocrx_word' id='word_1_330' title='bbox 645 2883 678 2918; x_wconf 89' lang='lat' dir='ltr'><strong>d.</strong></span> <span class='ocrx_word' id='word_1_331' title='bbox 700 2883 734 2919; x_wconf 89' lang='lat' dir='ltr'><strong>h.</strong></span> <span class='ocrx_word' id='word_1_332' title='bbox 756 2883 794 2918; x_wconf 88' lang='lat' dir='ltr'><strong>in</strong></span> 
     </span>
    </p>
   </div>
   <div class='ocr_carea' id='block_1_16' title="bbox 705 1152 1682 1197">
    <p class='ocr_par' dir='ltr' id='par_1_24' title="bbox 705 1152 1682 1197">
     <span class='ocr_line' id='line_1_54' title="bbox 705 1152 1682 1197; baseline -0.002 -1"><span class='ocrx_word' id='word_1_333' title='bbox 705 1154 888 1197; x_wconf 89' lang='lat' dir='ltr'><strong>accessit</strong></span> <span class='ocrx_word' id='word_1_334' title='bbox 927 1154 980 1195; x_wconf 89' lang='lat' dir='ltr'><strong>ad</strong></span> <span class='ocrx_word' id='word_1_335' title='bbox 1019 1168 1112 1196; x_wconf 88' lang='lat' dir='ltr'><strong>eam</strong></span> <span class='ocrx_word' id='word_1_336' title='bbox 1151 1153 1313 1195; x_wconf 85' lang='lat' dir='ltr'><strong>cladem</strong></span> <span class='ocrx_word' id='word_1_337' title='bbox 1352 1155 1394 1194; x_wconf 88' lang='lat' dir='ltr'><strong>et</strong></span> <span class='ocrx_word' id='word_1_338' title='bbox 1426 1152 1611 1194; x_wconf 88' lang='lat' dir='ltr'><strong>vastatio</strong></span> <span class='ocrx_word' id='word_1_339' title='bbox 1641 1163 1682 1195; x_wconf 89' lang='lat'><strong>11</strong></span> 
     </span>
    </p>
   </div>
   <div class='ocr_carea' id='block_1_17' title="bbox 862 1315 1615 1876">
    <p class='ocr_par' dir='ltr' id='par_1_25' title="bbox 867 1315 1614 1410">
     <span class='ocr_line' id='line_1_55' title="bbox 868 1315 1614 1362; baseline -0.001 -9"><span class='ocrx_word' id='word_1_340' title='bbox 868 1318 988 1353; x_wconf 89' lang='grc'>91119111</span> <span class='ocrx_word' id='word_1_341' title='bbox 997 1317 1172 1353; x_wconf 74' lang='lat' dir='ltr'><strong>Gewolbe</strong></span> <span class='ocrx_word' id='word_1_342' title='bbox 1187 1318 1296 1352; x_wconf 88' lang='lat' dir='ltr'><strong>unter</strong></span> <span class='ocrx_word' id='word_1_343' title='bbox 1308 1317 1391 1352; x_wconf 89' lang='lat' dir='ltr'><strong>dem</strong></span> <span class='ocrx_word' id='word_1_344' title='bbox 1398 1315 1614 1362; x_wconf 84' lang='lat' dir='ltr'><strong>kapitolini-</strong></span> 
     </span>
     <span class='ocr_line' id='line_1_56' title="bbox 867 1365 1168 1410; baseline -0.007 -9"><span class='ocrx_word' id='word_1_345' title='bbox 867 1366 981 1402; x_wconf 83' lang='lat' dir='ltr'><strong>schen</strong></span> <span class='ocrx_word' id='word_1_346' title='bbox 1004 1365 1168 1410; x_wconf 88' lang='lat' dir='ltr'><strong>Tempel.</strong></span> 
     </span>
    </p>

    <p class='ocr_par' dir='ltr' id='par_1_26' title="bbox 865 1412 1615 1696">
     <span class='ocr_line' id='line_1_57' title="bbox 916 1412 1155 1459; baseline 0 -11"><span class='ocrx_word' id='word_1_347' title='bbox 916 1416 946 1448; x_wconf 85' lang='lat'><strong>9.</strong></span> <span class='ocrx_word' id='word_1_348' title='bbox 992 1412 1155 1459; x_wconf 70' lang='lat' dir='ltr'><strong>subacti]</strong></span> 
     </span>
     <span class='ocr_line' id='line_1_58' title="bbox 868 1459 1614 1505; baseline -0.003 -10"><span class='ocrx_word' id='word_1_349' title='bbox 868 1461 1084 1505; x_wconf 87' lang='lat' dir='ltr'><strong>zwungen’.</strong></span> <span class='ocrx_word' id='word_1_350' title='bbox 1137 1460 1197 1495; x_wconf 85' lang='lat' dir='ltr'><strong>Sie</strong></span> <span class='ocrx_word' id='word_1_351' title='bbox 1223 1459 1386 1495; x_wconf 84' lang='lat' dir='ltr'><strong>mussten</strong></span> <span class='ocrx_word' id='word_1_352' title='bbox 1412 1459 1551 1495; x_wconf 88' lang='lat' dir='ltr'><strong>wieder</strong></span> <span class='ocrx_word' id='word_1_353' title='bbox 1575 1459 1614 1494; x_wconf 85' lang='lat' dir='ltr'><strong>in</strong></span> 
     </span>
     <span class='ocr_line' id='line_1_59' title="bbox 867 1506 1614 1543; baseline -0.003 -1"><span class='ocrx_word' id='word_1_354' title='bbox 867 1509 926 1543; x_wconf 85' lang='lat' dir='ltr'><strong>ihr</strong></span> <span class='ocrx_word' id='word_1_355' title='bbox 953 1508 1048 1543; x_wconf 80' lang='lat' dir='ltr'><strong>altes</strong></span> <span class='ocrx_word' id='word_1_356' title='bbox 1074 1507 1430 1543; x_wconf 71' lang='lat' dir='ltr'><strong>Bundesverhaltnis</strong></span> <span class='ocrx_word' id='word_1_357' title='bbox 1456 1518 1500 1541; x_wconf 89' lang='lat' dir='ltr'><strong>zu</strong></span> <span class='ocrx_word' id='word_1_358' title='bbox 1518 1506 1614 1541; x_wconf 89' lang='lat' dir='ltr'><strong>Rom</strong></span> 
     </span>
     <span class='ocr_line' id='line_1_60' title="bbox 869 1554 1615 1599; baseline -0.003 -9"><span class='ocrx_word' id='word_1_359' title='bbox 869 1557 990 1591; x_wconf 79' lang='lat' dir='ltr'><strong>treten</strong></span> <span class='ocrx_word' id='word_1_360' title='bbox 999 1556 1073 1591; x_wconf 88' lang='lat' dir='ltr'><strong>und</strong></span> <span class='ocrx_word' id='word_1_361' title='bbox 1082 1569 1111 1590; x_wconf 81' lang='lat' dir='ltr'><strong>w</strong></span> <span class='ocrx_word' id='word_1_362' title='bbox 1118 1557 1229 1599; x_wconf 77' lang='lat' dir='ltr'><strong>agten</strong></span> <span class='ocrx_word' id='word_1_363' title='bbox 1237 1556 1311 1590; x_wconf 85' lang='lat' dir='ltr'><strong>erst</strong></span> <span class='ocrx_word' id='word_1_364' title='bbox 1317 1555 1411 1590; x_wconf 86' lang='lat' dir='ltr'><strong>nach</strong></span> <span class='ocrx_word' id='word_1_365' title='bbox 1421 1559 1465 1590; x_wconf 88' lang='lat'><strong>50</strong></span> <span class='ocrx_word' id='word_1_366' title='bbox 1473 1555 1495 1589; x_wconf 85' lang='lat' dir='ltr'><strong>J</strong></span> <span class='ocrx_word' id='word_1_367' title='bbox 1498 1554 1615 1589; x_wconf 87' lang='lat' dir='ltr'><strong>ahren</strong></span> 
     </span>
     <span class='ocr_line' id='line_1_61' title="bbox 865 1601 1614 1646; baseline -0.003 -8"><span class='ocrx_word' id='word_1_368' title='bbox 865 1603 1003 1638; x_wconf 88' lang='lat' dir='ltr'><strong>wieder</strong></span> <span class='ocrx_word' id='word_1_369' title='bbox 1018 1603 1124 1638; x_wconf 88' lang='lat' dir='ltr'><strong>einen</strong></span> <span class='ocrx_word' id='word_1_370' title='bbox 1134 1602 1312 1646; x_wconf 85' lang='lat' dir='ltr'><strong>Versuch,</strong></span> <span class='ocrx_word' id='word_1_371' title='bbox 1328 1613 1366 1637; x_wconf 87' lang='lat' dir='ltr'><strong>es</strong></span> <span class='ocrx_word' id='word_1_372' title='bbox 1380 1601 1614 1637; x_wconf 83' lang='lat' dir='ltr'><strong>abzuwerfen</strong></span> 
     </span>
     <span class='ocr_line' id='line_1_62' title="bbox 866 1652 1081 1696; baseline 0 -11"><span class='ocrx_word' id='word_1_373' title='bbox 866 1653 913 1696; x_wconf 89' lang='lat'>(9,</span> <span class='ocrx_word' id='word_1_374' title='bbox 934 1655 990 1694; x_wconf 83' lang='lat'>43,</span> <span class='ocrx_word' id='word_1_375' title='bbox 1013 1652 1081 1695; x_wconf 92' lang='lat'><strong>11).</strong></span> 
     </span>
    </p>

    <p class='ocr_par' dir='ltr' id='par_1_27' title="bbox 862 1697 1615 1876">
     <span class='ocr_line' id='line_1_63' title="bbox 914 1697 1387 1743; baseline -0.004 -10"><span class='ocrx_word' id='word_1_376' title='bbox 914 1700 1059 1733; x_wconf 69' lang='lat' dir='ltr'><strong>incaute</strong></span> <span class='ocrx_word' id='word_1_377' title='bbox 1096 1701 1201 1742; x_wconf 76' lang='lat' dir='ltr'><strong>atque</strong></span> <span class='ocrx_word' id='word_1_378' title='bbox 1232 1697 1387 1743; x_wconf 83' lang='lat' dir='ltr'><strong>incons]</strong></span> 
     </span>
     <span class='ocr_line' id='line_1_64' title="bbox 866 1744 1612 1789; baseline -0.003 -9"><span class='ocrx_word' id='word_1_379' title='bbox 866 1745 1158 1780; x_wconf 83' lang='lat' dir='ltr'><strong>allitterierende</strong></span> <span class='ocrx_word' id='word_1_380' title='bbox 1183 1744 1427 1789; x_wconf 84' lang='lat' dir='ltr'><strong>Verbindung</strong></span> <span class='ocrx_word' id='word_1_381' title='bbox 1453 1748 1485 1788; x_wconf 87' lang='grc'><strong>4,</strong></span> <span class='ocrx_word' id='word_1_382' title='bbox 1503 1748 1560 1789; x_wconf 84' lang='lat'>37,</span> <span class='ocrx_word' id='word_1_383' title='bbox 1574 1746 1612 1778; x_wconf 88' lang='lat'><strong>8:</strong></span> 
     </span>
     <span class='ocr_line' id='line_1_65' title="bbox 862 1793 1615 1838; baseline -0.003 -10"><span class='ocrx_word' id='word_1_384' title='bbox 862 1794 1041 1838; x_wconf 73' lang='lat' dir='ltr'><strong>proelium</strong></span> <span class='ocrx_word' id='word_1_385' title='bbox 1068 1794 1215 1828; x_wconf 78' lang='lat' dir='ltr'><strong>incaute</strong></span> <span class='ocrx_word' id='word_1_386' title='bbox 1233 1793 1502 1837; x_wconf 72' lang='lat' dir='ltr'><strong>inconsulteque</strong></span> <span class='ocrx_word' id='word_1_387' title='bbox 1525 1801 1615 1827; x_wconf 86' lang='lat' dir='ltr'><strong>com-</strong></span> 
     </span>
     <span class='ocr_line' id='line_1_66' title="bbox 864 1842 1023 1876; baseline 0 0"><span class='ocrx_word' id='word_1_388' title='bbox 864 1853 899 1876; x_wconf 82' lang='lat' dir='ltr'><strong>m</strong></span> <span class='ocrx_word' id='word_1_389' title='bbox 904 1842 1010 1876; x_wconf 80' lang='lat' dir='ltr'><strong>issum</strong></span> <span class='ocrx_word' id='word_1_390' title='bbox 1017 1870 1023 1876; x_wconf 94' lang='lat'><strong>.</strong></span> 
     </span>
    </p>
   </div>
   <div class='ocr_carea' id='block_1_18' title="bbox 1215 1411 1612 1455">
    <p class='ocr_par' dir='ltr' id='par_1_28' title="bbox 1215 1411 1612 1455">
     <span class='ocr_line' id='line_1_67' title="bbox 1215 1411 1612 1455; baseline -0.003 -8"><span class='ocrx_word' id='word_1_391' title='bbox 1215 1412 1226 1430; x_wconf 78' lang='lat'><em>‘</em></span> <span class='ocrx_word' id='word_1_392' title='bbox 1235 1412 1483 1448; x_wconf 83' lang='lat' dir='ltr'><strong>unterworfen</strong></span> <span class='ocrx_word' id='word_1_393' title='bbox 1491 1441 1499 1455; x_wconf 94' lang='lat'>,</span> <span class='ocrx_word' id='word_1_394' title='bbox 1550 1411 1612 1446; x_wconf 90' lang='lat' dir='ltr'><strong>be-</strong></span> 
     </span>
    </p>
   </div>
   <div class='ocr_carea' id='block_1_19' title="bbox 1440 1695 1613 1732">
    <p class='ocr_par' dir='ltr' id='par_1_29' title="bbox 1440 1695 1613 1732">
     <span class='ocr_line' id='line_1_68' title="bbox 1440 1695 1613 1732; baseline 0.006 -2"><span class='ocrx_word' id='word_1_395' title='bbox 1440 1695 1613 1732; x_wconf 81' lang='lat' dir='ltr'><strong>Dieselbe</strong></span> 
     </span>
    </p>
   </div>
   <div class='ocr_carea' id='block_1_20' title="bbox 860 1887 1617 2930">
    <p class='ocr_par' dir='ltr' id='par_1_30' title="bbox 860 1887 1614 2121">
     <span class='ocr_line' id='line_1_69' title="bbox 913 1887 1612 1933; baseline -0.004 -10"><span class='ocrx_word' id='word_1_396' title='bbox 913 1892 966 1923; x_wconf 89' lang='lat'><strong>10.</strong></span> <span class='ocrx_word' id='word_1_397' title='bbox 994 1891 1137 1923; x_wconf 77' lang='lat' dir='ltr'><strong>tantum</strong></span> <span class='ocrx_word' id='word_1_398' title='bbox 1168 1888 1285 1923; x_wconf 80' lang='lat' dir='ltr'><strong>cladis</strong></span> <span class='ocrx_word' id='word_1_399' title='bbox 1314 1887 1514 1933; x_wconf 78' lang='lat' dir='ltr'><strong>acceptam]</strong></span> <span class='ocrx_word' id='word_1_400' title='bbox 1547 1897 1612 1920; x_wconf 91' lang='lat' dir='ltr'><strong>un-</strong></span> 
     </span>
     <span class='ocr_line' id='line_1_70' title="bbox 864 1934 1614 1980; baseline -0.003 -10"><span class='ocrx_word' id='word_1_401' title='bbox 864 1934 1088 1970; x_wconf 81' lang='lat' dir='ltr'><strong>klassischer</strong></span> <span class='ocrx_word' id='word_1_402' title='bbox 1115 1935 1318 1970; x_wconf 79' lang='lat' dir='ltr'><strong>Genetivus</strong></span> <span class='ocrx_word' id='word_1_403' title='bbox 1343 1935 1488 1980; x_wconf 67' lang='lat' dir='ltr'><strong>partit,</strong></span> <span class='ocrx_word' id='word_1_404' title='bbox 1521 1935 1614 1969; x_wconf 81' lang='lat' dir='ltr'><strong>statt</strong></span> 
     </span>
     <span class='ocr_line' id='line_1_71' title="bbox 864 1981 1612 2027; baseline -0.003 -9"><span class='ocrx_word' id='word_1_405' title='bbox 864 1986 970 2018; x_wconf 76' lang='lat' dir='ltr'><strong>tanta</strong></span> <span class='ocrx_word' id='word_1_406' title='bbox 1002 1984 1119 2018; x_wconf 79' lang='lat' dir='ltr'><strong>clades</strong></span> <span class='ocrx_word' id='word_1_407' title='bbox 1152 1987 1306 2027; x_wconf 77' lang='lat' dir='ltr'><strong>accepta.</strong></span> <span class='ocrx_word' id='word_1_408' title='bbox 1358 1981 1443 2027; x_wconf 86' lang='lat' dir='ltr'><strong>Vgl.</strong></span> <span class='ocrx_word' id='word_1_409' title='bbox 1472 1985 1510 2025; x_wconf 88' lang='lat'>8,</span> <span class='ocrx_word' id='word_1_410' title='bbox 1532 1986 1570 2023; x_wconf 82' lang='lat'>2,</span> <span class='ocrx_word' id='word_1_411' title='bbox 1591 1985 1612 2016; x_wconf 90' lang='grc'>8</span> 
     </span>
     <span class='ocr_line' id='line_1_72' title="bbox 860 2029 1614 2076; baseline -0.001 -11"><span class='ocrx_word' id='word_1_412' title='bbox 860 2031 949 2076; x_wconf 72' lang='lat' dir='ltr'><strong>plus</strong></span> <span class='ocrx_word' id='word_1_413' title='bbox 980 2031 1284 2076; x_wconf 72' lang='lat' dir='ltr'><strong>populationibus</strong></span> <span class='ocrx_word' id='word_1_414' title='bbox 1319 2041 1427 2075; x_wconf 78' lang='lat' dir='ltr'><strong>quam</strong></span> <span class='ocrx_word' id='word_1_415' title='bbox 1462 2029 1614 2074; x_wconf 77' lang='lat' dir='ltr'><strong>proeliis</strong></span> 
     </span>
     <span class='ocr_line' id='line_1_73' title="bbox 866 2079 1145 2121; baseline 0 -8"><span class='ocrx_word' id='word_1_416' title='bbox 866 2079 1022 2113; x_wconf 83' lang='lat' dir='ltr'><strong>cladium</strong></span> <span class='ocrx_word' id='word_1_417' title='bbox 1050 2079 1145 2121; x_wconf 78' lang='lat' dir='ltr'><strong>fecit.</strong></span> 
     </span>
    </p>

    <p class='ocr_par' dir='ltr' id='par_1_31' title="bbox 866 2123 1615 2312">
     <span class='ocr_line' id='line_1_74' title="bbox 913 2123 1615 2172; baseline -0.004 -12"><span class='ocrx_word' id='word_1_418' title='bbox 913 2125 1038 2172; x_wconf 79' lang='lat' dir='ltr'><strong>quam]</strong></span> <span class='ocrx_word' id='word_1_419' title='bbox 1071 2125 1177 2160; x_wconf 87' lang='lat' dir='ltr'><strong>Nach</strong></span> <span class='ocrx_word' id='word_1_420' title='bbox 1203 2129 1329 2160; x_wconf 79' lang='lat' dir='ltr'><strong>tantus</strong></span> <span class='ocrx_word' id='word_1_421' title='bbox 1355 2125 1532 2168; x_wconf 81' lang='lat' dir='ltr'><strong>(welches</strong></span> <span class='ocrx_word' id='word_1_422' title='bbox 1555 2123 1615 2158; x_wconf 70' lang='lat' dir='ltr'><strong>fiir</strong></span> 
     </span>
     <span class='ocr_line' id='line_1_75' title="bbox 866 2171 1615 2218; baseline -0.005 -9"><span class='ocrx_word' id='word_1_423' title='bbox 866 2177 942 2209; x_wconf 81' lang='lat' dir='ltr'><strong>tam</strong></span> <span class='ocrx_word' id='word_1_424' title='bbox 972 2185 1126 2218; x_wconf 57' lang='lat' dir='ltr'><strong>maanus</strong></span> <span class='ocrx_word' id='word_1_425' title='bbox 1159 2172 1272 2217; x_wconf 86' lang='lat' dir='ltr'><strong>steht)</strong></span> <span class='ocrx_word' id='word_1_426' title='bbox 1307 2172 1405 2217; x_wconf 73' lang='lat' dir='ltr'><strong>folgt</strong></span> <span class='ocrx_word' id='word_1_427' title='bbox 1435 2171 1615 2207; x_wconf 87' lang='lat' dir='ltr'><strong>zuweilen</strong></span> 
     </span>
     <span class='ocr_line' id='line_1_76' title="bbox 866 2222 1613 2266; baseline -0.001 -11"><span class='ocrx_word' id='word_1_428' title='bbox 866 2233 975 2266; x_wconf 74' lang='lat' dir='ltr'><strong>quam</strong></span> <span class='ocrx_word' id='word_1_429' title='bbox 1002 2222 1096 2256; x_wconf 73' lang='lat' dir='ltr'><strong>statt</strong></span> <span class='ocrx_word' id='word_1_430' title='bbox 1122 2224 1297 2266; x_wconf 74' lang='lat' dir='ltr'><strong>quantum</strong></span> <span class='ocrx_word' id='word_1_431' title='bbox 1330 2223 1376 2263; x_wconf 84' lang='lat'>(9,</span> <span class='ocrx_word' id='word_1_432' title='bbox 1404 2223 1460 2264; x_wconf 87' lang='grc'><strong>38,</strong></span> <span class='ocrx_word' id='word_1_433' title='bbox 1481 2223 1520 2262; x_wconf 85' lang='grc'><strong>4;</strong></span> <span class='ocrx_word' id='word_1_434' title='bbox 1557 2223 1613 2263; x_wconf 84' lang='grc'><strong>37,</strong></span> 
     </span>
     <span class='ocr_line' id='line_1_77' title="bbox 868 2267 1451 2312; baseline -0.003 -9"><span class='ocrx_word' id='word_1_435' title='bbox 868 2272 923 2310; x_wconf 86' lang='grc'><strong>51,</strong></span> <span class='ocrx_word' id='word_1_436' title='bbox 946 2272 976 2303; x_wconf 85' lang='grc'><strong>9.</strong></span> <span class='ocrx_word' id='word_1_437' title='bbox 1016 2267 1088 2303; x_wconf 87' lang='lat' dir='ltr'><strong>Cic.</strong></span> <span class='ocrx_word' id='word_1_438' title='bbox 1115 2269 1162 2302; x_wconf 86' lang='lat' dir='ltr'><strong>ad</strong></span> <span class='ocrx_word' id='word_1_439' title='bbox 1189 2268 1274 2303; x_wconf 82' lang='lat' dir='ltr'><strong>fam.</strong></span> <span class='ocrx_word' id='word_1_440' title='bbox 1297 2271 1329 2311; x_wconf 86' lang='lat'>5,</span> <span class='ocrx_word' id='word_1_441' title='bbox 1351 2271 1382 2312; x_wconf 83' lang='lat'>7,</span> <span class='ocrx_word' id='word_1_442' title='bbox 1406 2269 1451 2312; x_wconf 87' lang='lat'><strong>1).</strong></span> 
     </span>
    </p>

    <p class='ocr_par' dir='ltr' id='par_1_32' title="bbox 914 2316 1309 2362">
     <span class='ocr_line' id='line_1_78' title="bbox 914 2316 1309 2362; baseline -0.005 -11"><span class='ocrx_word' id='word_1_443' title='bbox 914 2316 1025 2362; x_wconf 79' lang='lat' dir='ltr'><strong>quod]</strong></span> <span class='ocrx_word' id='word_1_444' title='bbox 1055 2333 1097 2345; x_wconf 95' lang='lat'><strong><em>=</em></strong></span> <span class='ocrx_word' id='word_1_445' title='bbox 1124 2327 1180 2358; x_wconf 81' lang='lat' dir='ltr'><strong>eo,</strong></span> <span class='ocrx_word' id='word_1_446' title='bbox 1206 2316 1309 2360; x_wconf 21' lang='lat' dir='ltr'><strong>quod.</strong></span> 
     </span>
    </p>

    <p class='ocr_par' dir='ltr' id='par_1_33' title="bbox 865 2361 1617 2881">
     <span class='ocr_line' id='line_1_79' title="bbox 914 2361 1614 2409; baseline -0.003 -11"><span class='ocrx_word' id='word_1_447' title='bbox 914 2364 1166 2409; x_wconf 78' lang='lat' dir='ltr'><strong>immolarunt]</strong></span> <span class='ocrx_word' id='word_1_448' title='bbox 1188 2363 1295 2397; x_wconf 85' lang='lat' dir='ltr'><strong>Etwa</strong></span> <span class='ocrx_word' id='word_1_449' title='bbox 1315 2365 1383 2397; x_wconf 78' lang='lat'><strong>200</strong></span> <span class='ocrx_word' id='word_1_450' title='bbox 1397 2361 1510 2397; x_wconf 86' lang='lat' dir='ltr'><strong>Jahre</strong></span> <span class='ocrx_word' id='word_1_451' title='bbox 1531 2372 1614 2397; x_wconf 82' lang='lat' dir='ltr'><strong>vor-</strong></span> 
     </span>
     <span class='ocr_line' id='line_1_80' title="bbox 867 2410 1612 2446; baseline -0.003 -1"><span class='ocrx_word' id='word_1_452' title='bbox 867 2411 933 2446; x_wconf 87' lang='lat' dir='ltr'><strong>her</strong></span> <span class='ocrx_word' id='word_1_453' title='bbox 952 2410 1083 2446; x_wconf 84' lang='lat' dir='ltr'><strong>hatten</strong></span> <span class='ocrx_word' id='word_1_454' title='bbox 1105 2411 1164 2446; x_wconf 89' lang='lat' dir='ltr'><strong>die</strong></span> <span class='ocrx_word' id='word_1_455' title='bbox 1186 2411 1390 2445; x_wconf 87' lang='lat' dir='ltr'><strong>Bewohner</strong></span> <span class='ocrx_word' id='word_1_456' title='bbox 1411 2410 1476 2444; x_wconf 89' lang='lat' dir='ltr'><strong>der</strong></span> <span class='ocrx_word' id='word_1_457' title='bbox 1496 2411 1612 2444; x_wconf 85' lang='lat' dir='ltr'><strong>etrus-</strong></span> 
     </span>
     <span class='ocr_line' id='line_1_81' title="bbox 867 2456 1615 2494; baseline -0.003 -2"><span class='ocrx_word' id='word_1_458' title='bbox 867 2458 1021 2492; x_wconf 84' lang='lat' dir='ltr'><strong>kischen</strong></span> <span class='ocrx_word' id='word_1_459' title='bbox 1061 2457 1171 2494; x_wconf 84' lang='lat' dir='ltr'><strong>Stadt</strong></span> <span class='ocrx_word' id='word_1_460' title='bbox 1203 2456 1316 2492; x_wconf 80' lang='lat' dir='ltr'><strong>Caere</strong></span> <span class='ocrx_word' id='word_1_461' title='bbox 1355 2456 1436 2492; x_wconf 87' lang='lat' dir='ltr'><strong>eine</strong></span> <span class='ocrx_word' id='word_1_462' title='bbox 1469 2456 1615 2491; x_wconf 78' lang='lat' dir='ltr'><strong>Anzahl</strong></span> 
     </span>
     <span class='ocr_line' id='line_1_82' title="bbox 867 2503 1614 2551; baseline -0.004 -11"><span class='ocrx_word' id='word_1_463' title='bbox 867 2505 1073 2551; x_wconf 69' lang='lat' dir='ltr'><strong>gesangeue</strong></span> <span class='ocrx_word' id='word_1_464' title='bbox 1101 2505 1273 2540; x_wconf 65' lang='lat' dir='ltr'><strong>Phokaer</strong></span> <span class='ocrx_word' id='word_1_465' title='bbox 1293 2505 1497 2549; x_wconf 83' lang='lat' dir='ltr'><strong>gesteinigt</strong></span> <span class='ocrx_word' id='word_1_466' title='bbox 1523 2503 1614 2548; x_wconf 79' lang='lat' dir='ltr'><strong>(vgl.</strong></span> 
     </span>
     <span class='ocr_line' id='line_1_83' title="bbox 866 2551 1614 2597; baseline -0.003 -11"><span class='ocrx_word' id='word_1_467' title='bbox 866 2553 950 2588; x_wconf 87' lang='lat' dir='ltr'><strong>Her.</strong></span> <span class='ocrx_word' id='word_1_468' title='bbox 975 2557 1005 2596; x_wconf 93' lang='lat'>1,</span> <span class='ocrx_word' id='word_1_469' title='bbox 1028 2554 1122 2597; x_wconf 80' lang='lat'><strong>167).</strong></span> <span class='ocrx_word' id='word_1_470' title='bbox 1162 2551 1470 2596; x_wconf 83' lang='lat' dir='ltr'><strong>Menschenopfer</strong></span> <span class='ocrx_word' id='word_1_471' title='bbox 1490 2551 1614 2585; x_wconf 84' lang='lat' dir='ltr'><strong>finden</strong></span> 
     </span>
     <span class='ocr_line' id='line_1_84' title="bbox 865 2597 1614 2635; baseline -0.005 0"><span class='ocrx_word' id='word_1_472' title='bbox 865 2600 944 2635; x_wconf 84' lang='lat' dir='ltr'><strong>sich</strong></span> <span class='ocrx_word' id='word_1_473' title='bbox 983 2600 1078 2635; x_wconf 84' lang='lat' dir='ltr'><strong>auch</strong></span> <span class='ocrx_word' id='word_1_474' title='bbox 1117 2600 1184 2634; x_wconf 83' lang='lat' dir='ltr'><strong>auf</strong></span> <span class='ocrx_word' id='word_1_475' title='bbox 1218 2599 1478 2634; x_wconf 87' lang='lat' dir='ltr'><strong>etruskischeu</strong></span> <span class='ocrx_word' id='word_1_476' title='bbox 1513 2597 1614 2632; x_wconf 84' lang='lat' dir='ltr'><strong>Bild-</strong></span> 
     </span>
     <span class='ocr_line' id='line_1_85' title="bbox 865 2645 1617 2691; baseline -0.003 -10"><span class='ocrx_word' id='word_1_477' title='bbox 865 2648 1013 2682; x_wconf 82' lang='lat' dir='ltr'><strong>werken</strong></span> <span class='ocrx_word' id='word_1_478' title='bbox 1040 2646 1263 2691; x_wconf 82' lang='lat' dir='ltr'><strong>dargestellt</strong></span> <span class='ocrx_word' id='word_1_479' title='bbox 1287 2647 1361 2680; x_wconf 81' lang='lat' dir='ltr'><strong>und</strong></span> <span class='ocrx_word' id='word_1_480' title='bbox 1395 2645 1548 2680; x_wconf 79' lang='lat' dir='ltr'><strong>wurden</strong></span> <span class='ocrx_word' id='word_1_481' title='bbox 1574 2657 1617 2679; x_wconf 87' lang='lat' dir='ltr'><strong>zu</strong></span> 
     </span>
     <span class='ocr_line' id='line_1_86' title="bbox 867 2691 1616 2730; baseline -0.001 -1"><span class='ocrx_word' id='word_1_482' title='bbox 867 2695 961 2730; x_wconf 88' lang='lat' dir='ltr'><strong>Rom</strong></span> <span class='ocrx_word' id='word_1_483' title='bbox 999 2695 1094 2729; x_wconf 89' lang='lat' dir='ltr'><strong>noch</strong></span> <span class='ocrx_word' id='word_1_484' title='bbox 1136 2698 1204 2729; x_wconf 80' lang='lat' dir='ltr'><strong>22ss</strong></span> <span class='ocrx_word' id='word_1_485' title='bbox 1247 2694 1323 2728; x_wconf 86' lang='lat' dir='ltr'><strong>und</strong></span> <span class='ocrx_word' id='word_1_486' title='bbox 1359 2697 1427 2728; x_wconf 75' lang='lat'>‘316</span> <span class='ocrx_word' id='word_1_487' title='bbox 1466 2705 1498 2728; x_wconf 76' lang='lat' dir='ltr'><strong>v.</strong></span> <span class='ocrx_word' id='word_1_488' title='bbox 1533 2691 1616 2728; x_wconf 86' lang='lat' dir='ltr'><strong>Chr.</strong></span> 
     </span>
     <span class='ocr_line' id='line_1_87' title="bbox 868 2739 1616 2786; baseline -0.001 -11"><span class='ocrx_word' id='word_1_489' title='bbox 868 2741 1118 2786; x_wconf 67' lang='lat' dir='ltr'><strong>dargebracht</strong></span> <span class='ocrx_word' id='word_1_490' title='bbox 1158 2741 1270 2785; x_wconf 82' lang='lat' dir='ltr'><strong>(Plut.</strong></span> <span class='ocrx_word' id='word_1_491' title='bbox 1298 2741 1410 2776; x_wconf 84' lang='lat' dir='ltr'><strong>Marc.</strong></span> <span class='ocrx_word' id='word_1_492' title='bbox 1438 2745 1475 2780; x_wconf 72' lang='lat'><strong>33</strong></span> <span class='ocrx_word' id='word_1_493' title='bbox 1512 2739 1616 2775; x_wconf 83' lang='lat' dir='ltr'><strong>Oros.</strong></span> 
     </span>
     <span class='ocr_line' id='line_1_88' title="bbox 868 2788 1617 2880; baseline -0.001 -57"><span class='ocrx_word' id='word_1_494' title='bbox 868 2788 932 2833; x_wconf 85' lang='lat' dir='ltr'>IV,</span> <span class='ocrx_word' id='word_1_495' title='bbox 946 2793 1020 2880; x_wconf 76' lang='lat'><strong>21)3;</strong></span> <span class='ocrx_word' id='word_1_496' title='bbox 1054 2789 1133 2824; x_wconf 86' lang='lat' dir='ltr'><strong>Liv.</strong></span> <span class='ocrx_word' id='word_1_497' title='bbox 1167 2792 1229 2832; x_wconf 75' lang='lat'>22,</span> <span class='ocrx_word' id='word_1_498' title='bbox 1264 2792 1325 2833; x_wconf 81' lang='lat'>57,</span> <span class='ocrx_word' id='word_1_499' title='bbox 1359 2793 1397 2832; x_wconf 85' lang='lat'><strong>6;</strong></span> <span class='ocrx_word' id='word_1_500' title='bbox 1438 2788 1532 2823; x_wconf 85' lang='lat' dir='ltr'><strong>Plin.</strong></span> <span class='ocrx_word' id='word_1_501' title='bbox 1560 2790 1617 2832; x_wconf 82' lang='lat'>28,</span> 
     </span>
     <span class='ocr_line' id='line_1_89' title="bbox 869 2840 1065 2881; baseline 0 -10"><span class='ocrx_word' id='word_1_502' title='bbox 869 2841 901 2881; x_wconf 80' lang='lat'>2,</span> <span class='ocrx_word' id='word_1_503' title='bbox 924 2841 940 2871; x_wconf 94' lang='lat'>1</span> <span class='ocrx_word' id='word_1_504' title='bbox 985 2864 991 2871; x_wconf 92' lang='lat'><strong>.</strong></span> <span class='ocrx_word' id='word_1_505' title='bbox 1060 2840 1065 2843; x_wconf 50' lang='lat'>¹</span> 
     </span>
    </p>

    <p class='ocr_par' dir='ltr' id='par_1_34' title="bbox 916 2882 1487 2930">
     <span class='ocr_line' id='line_1_90' title="bbox 916 2882 1487 2930; baseline 0.002 -12"><span class='ocrx_word' id='word_1_506' title='bbox 916 2883 1145 2930; x_wconf 74' lang='lat' dir='ltr'><strong>insiynitior]</strong></span> <span class='ocrx_word' id='word_1_507' title='bbox 1172 2883 1258 2929; x_wconf 84' lang='lat' dir='ltr'><strong>Vgl.</strong></span> <span class='ocrx_word' id='word_1_508' title='bbox 1285 2882 1375 2928; x_wconf 86' lang='lat' dir='ltr'><strong>Kap.</strong></span> <span class='ocrx_word' id='word_1_509' title='bbox 1397 2886 1429 2927; x_wconf 84' lang='grc'><strong>6,</strong></span> <span class='ocrx_word' id='word_1_510' title='bbox 1455 2887 1487 2919; x_wconf 87' lang='grc'><strong>6.</strong></span> 
     </span>
    </p>
   </div>
  </div>
 </body>
</html>
