1794 3084
43 127 70 147 ι.
91 119 159 146 chr.
179 125 208 144 n.
227 118 288 145 390.
609 107 754 143 LIBER
779 107 822 143 v.
867 107 969 144 CAP.
996 111 1051 143 53.
1553 108 1609 150 97

47 218 252 271 victores,
285 215 359 258 sed
393 215 590 257 amisisse
621 216 725 257 victi
757 217 944 270 patriam
976 216 1231 270 videbimur,
1261 215 1344 258 hoc
1377 215 1429 257 ad
1462 214 1608 258 Aliam

45 277 167 332 fuga,
204 275 287 318 hoc
326 277 454 329 capta
491 274 613 328 urbs,
650 274 732 316 hoc
771 275 1098 316 circumsessum
1131 273 1398 329 Capitolium
1430 275 1611 316 necessi-

46 335 151 378 tatis
195 333 471 388 imposuisse,
515 335 563 374 ut
601 333 892 375 desereremus
930 334 1101 388 penatis
1139 336 1314 376 nostros
1351 333 1610 388 exiliumque

47 409 97 436 30
154 393 302 448 fugam
358 392 484 434 nobis
541 406 592 433 ex
644 406 693 433 eo
745 393 839 434 loco
892 394 1271 447 conscisceremus,
1329 407 1455 447 quem
1499 392 1611 433 tueri

46 468 135 495 non
178 466 421 508 possemus,
473 453 517 492 et
561 449 677 492 Galli
722 453 910 492 evertere
954 455 1189 505 potuerunt
1231 451 1432 506 Romam,
1482 466 1611 506 quam

46 511 233 554 Romani
264 511 489 552 restituere
521 524 609 552 non
642 509 901 551 videbuntur
932 504 1136 564 potuisse.
1200 511 1301 565 quid
1332 512 1488 564 restat,
1526 510 1611 551 nisi

47 573 107 625 ut,
139 570 176 612 si
206 570 293 611 iam
321 569 446 610 novis
473 569 607 624 copiis
633 569 808 610 veniant
842 593 892 598 —-
929 572 1100 610 constat
1126 570 1240 610 enim
1266 570 1337 611 vix
1364 569 1611 611 credibilem

47 628 369 671 multitudinem
410 642 503 669 esse
547 652 596 657 -
638 629 681 669 et
717 627 916 669 habitare
955 628 1000 668 in
1039 631 1165 682 capta
1198 629 1251 670 ab
1286 643 1348 682 se,
1386 628 1555 670 deserta
1587 643 1612 669 a

46 688 170 731 vobis
208 688 291 730 hac
326 687 431 728 urbe
463 687 618 741 velint,
657 686 842 728 sinatis?
893 686 1023 741 quid?
1063 688 1098 728 si
1131 702 1219 729 non
1251 686 1365 728 Galli
1396 687 1498 741 hoc,
1537 687 1612 729 sed

47 749 215 790 veteres
247 746 395 788 hostes
428 746 576 800 vestri,
615 746 752 801 Aequi
783 745 1004 799 Volscive,
1036 745 1217 801 faciant,
1249 750 1296 788 ut
1328 747 1613 802 commigrent

49 806 247 859 Romam,
277 805 476 847 velitisne
507 805 607 847 illos
636 805 869 858 Romanos,
902 820 978 848 vos
1006 804 1211 847 Veientes
1244 805 1366 847 esse?
1400 820 1455 847 an
1488 805 1612 848 mali·

47 866 104 908 tis
135 865 247 907 hanc
278 864 553 907 solitudinem
586 866 773 906 vestram
808 879 935 918 quam
968 864 1117 906 urbem
1150 865 1342 906 hostium
1369 864 1492 906 esse?
1526 878 1612 907 non

49 923 246 979 equidem
277 923 414 978 video,
447 923 548 978 quid
580 923 719 978 magis
751 923 872 964 nefas
907 923 975 964 sit.
1024 923 1130 965 11300
1160 924 1334 978 0001013,
1366 924 1467 978 quia
1492 923 1613 979 piget

49 983 288 1037 aedificare,
319 983 426 1024 haec
458 982 664 1025 dedecora
697 983 790 1037 pati
821 982 962 1038 parati
998 982 1128 1024 estis?
1192 983 1227 1024 si
1259 985 1353 1024 tota
1384 983 1488 1024 urbe
1520 982 1613 1024 nul-

47 1044 138 1085 lum
169 1042 323 1084 melius
357 1042 596 1096 ampliusve
627 1044 789 1083 tectum
821 1041 915 1083 fieri
946 1042 1098 1096 possit,
1130 1056 1259 1096 quam
1289 1056 1387 1083 0303
1412 1042 1487 1083 1113
1514 1056 1612 1083 con-

49 1101 202 1144 ditoris
247 1104 313 1143 est
349 1101 510 1155 nostri,
552 1115 640 1143 non
672 1101 716 1142 111
755 1101 866 1142 casis
905 1101 991 1142 ritu
1028 1103 1253 1155 pastorum
1292 1101 1613 1156 agrestiumque

47 1161 247 1203 habitare
268 1162 334 1201 est
353 1160 492 1201 satius
512 1160 625 1202 inter
645 1174 766 1201 sacra
785 1162 1050 1214 penatesque
1065 1162 1236 1201 nostros
1252 1174 1379 1214 quam
1395 1160 1614 1201 exulatum

49 1220 219 1275 publice
251 1219 342 1260 ire?
383 1219 566 1260 maiores
599 1219 749 1273 nostri,
782 1233 997 1260 convenae
1022 1221 1316 1273 pastoresque,
1349 1233 1445 1260 cum
1472 1219 1518 1260 in
1543 1218 1612 1260 his

48 1279 154 1321 locis
186 1278 295 1320 nihil
325 1280 498 1333 praeter
529 1278 660 1319 silvas
692 1277 955 1332 paludesque
988 1280 1120 1330 esset,
1150 1292 1307 1319 novam
1340 1278 1489 1319 urbem
1522 1280 1614 1319 tam

50 1338 171 1380 brevi
198 1337 497 1391 aedificarunt3
523 1351 603 1378 nos
630 1335 845 1392 Capitolio
873 1341 1002 1391 atque
1029 1351 1126 1378 arce
1152 1337 1369 1391 incolumi,
1396 1337 1614 1379 stantibus

52 1397 227 1452 templis
278 1395 451 1438 deorum
499 1396 719 1438 aedificare
763 1396 938 1437 incensa
981 1395 1132 1451 piget?
1207 1399 1249 1438 et
1293 1396 1407 1450 quod
1453 1396 1615 1451 singuli

50 1455 209 1498 facturi
239 1455 418 1510 fuimus,
452 1455 488 1496 si
521 1455 646 1497 aedes
678 1457 854 1497 nostrae
887 1455 1212 1510 deflagrassent,
1249 1455 1332 1497 hoc
1363 1455 1408 1496 in
1440 1455 1613 1510 publico

49 1515 249 1557 incendio
281 1515 472 1557 universi
503 1529 752 1557 recusamus
785 1514 955 1556 facere?

50 1630 273 1676 berechtigt,
287 1630 412 1666 indem
425 1630 484 1666 die
492 1630 797 1676 Auswanderung

51 1678 166 1714 sehon
204 1678 265 1713 bei
297 1677 363 1713 der
395 1677 691 1723 Veranstaltung
717 1679 795 1713 der-

52 1725 197 1769 selben,
229 1725 335 1760 1110111
364 1724 461 1760 bloss
485 1726 582 1760 nach
608 1726 673 1760 der
704 1725 796 1759 Aus-

51 1772 217 1817 fflhrung
243 1771 475 1807 schm‘ahlich
502 1773 560 1807 ist.

101 1823 133 1855 5.
154 1819 393 1864 necessitatis]
416 1819 606 1864 abhsngig
626 1830 698 1854 von
713 1818 798 1854 dem

52 1866 298 1912 dreimaligen
323 1867 399 1902 hoc.
643 1912 649 1918 .
775 1912 781 1918 ⁶

51 1913 800 2004 1430έῖ1ἕῇ1ἱέῒεέξξῑέἰῖῗᾙέἓ

51 2009 227 2054 zugeben.

100 2055 330 2102 imposuisse]
367 2073 411 2084 =
446 2056 552 2091 uobis
586 2056 801 2100 imposuisse

51 2103 284 2139 videbuntur.

103 2154 136 2186 et
164 2149 283 2196 Galli]
318 2149 532 2194 Erkl'arnng
565 2149 630 2184 des
657 2149 801 2194 Gegen-

53 2199 174 2233 satzes
203 2197 243 2232 in
269 2202 288 2239 ξ
315 2202 336 2232 4
363 2197 485 2232 Gallis
509 2198 677 2243 yloriosa.
730 2197 800 2231 Um

54 2245 122 2281 auf
140 2244 244 2280 Galli
262 2244 432 2280 Gewicht
457 2256 500 2279 zu
520 2244 640 2289 legen,
667 2244 802 2279 erhielt

54 2292 120 2327 der
140 2294 261 2328 erste
281 2291 363 2327 Teil
382 2292 447 2326 des
469 2292 597 2327 Satzes
618 2292 677 2327 die
692 2292 801 2327 Form

54 2339 118 2375 des
144 2339 390 2385 Hauptsatzes
424 2340 517 2374 statt
543 2340 607 2374 des
634 2339 800 2374 zweiten.

105 2391 136 2422 6.
163 2388 196 2422 si
215 2387 306 2432 iam]
333 2397 441 2421 wenn
457 2386 562 2431 jetzt.
589 2390 646 2429 22,
668 2390 723 2429 59,
748 2390 800 2420 13.

105 2437 136 2469 7.
162 2434 228 2469 hoc
246 2462 253 2469 .
271 2462 277 2468 .
294 2461 301 2467 .
315 2435 470 2477 faciant,
490 2438 531 2468 ut
550 2433 799 2479 commtqreut]

54 2480 286 2516 rhetorische
312 2480 612 2525 Umschreibung
647 2482 740 2515 statt
771 2481 803 2515 si

55 2529 304 2573 comnziyrent;
337 2529 474 2564 ebenso
502 2532 534 2572 3,
557 2532 613 2571 72,
634 2532 671 2569 53
707 2527 802 2562 ohne

54 2575 120 2611 hoe
142 2579 196 2619 10,
218 2579 273 2619 15,
297 2579 340 2610 10
360 2575 436 2610 und
457 2579 513 2618 36,
534 2579 591 2618 29,
612 2579 649 2616 9;
677 2575 745 2609 mit
764 2575 804 2610 id

85 2650 198 2705 ’hauc
211 2670 458 2715 solitudinem]
474 2669 594 2705 dieses
611 2671 671 2715 (=
683 2668 804 2704 dieser

59 2716 140 2761 Ort)
165 2717 221 2752 als
247 2717 389 2752 Wfiste.

106 2764 213 2810 quid]
239 2764 345 2799 nicht
363 2768 497 2799 utrum.
531 2764 604 2799 Der
625 2764 717 2799 Sinn
737 2762 803 2798 ist:

61 2820 100 2890 eds
138 2811 242 2856 giebt
272 2811 395 2893 nit31l)1ts
421 2810 716 2891 Frevelhaftelres
738 2809 805 2893 (1)),Ιῖ

87 2867 163 2892 1000
201 2869 290 2893 zwe1
358 2869 462 2904 inge,
500 2869 606 2894 wenn
667 2870 705 2894 er
771 2870 787 2892 r

132 2922 198 2948 Liv.
218 2923 252 2948 B.
271 2923 295 2949 5.

870 1631 940 1666 ode
965 1630 1085 1665 bleibt
1111 1630 1201 1665 oder
1226 1629 1286 1665 die
1306 1630 1446 1665 Feinde
1470 1630 1549 1666 sich
1569 1630 1618 1665 da

868 1677 1134 1713 niederlassen.

919 1729 950 1760 8.
978 1735 1064 1760 casa
1089 1724 1172 1770 illa]
1223 1724 1272 1759 Es
1311 1725 1386 1770 gab
1424 1724 1514 1760 zwei
1547 1724 1618 1759 mit

872 1771 983 1806 Stroh
1004 1772 1184 1807 bedeck‘te
1205 1772 1359 1815 Hfitten,
1386 1772 1424 1806 in
1449 1771 1617 1807 welchen

871 1818 1050 1853 Romulus
1077 1819 1254 1863 gewohnt
1272 1818 1396 1854 haben
1417 1819 1537 1863 sollte,
1557 1818 1616 1855 die

872 1867 954 1901 01110
981 1866 1048 1901 auf
1070 1866 1154 1901 dem
1176 1866 1383 1910 Germa‘lus,
1409 1867 1510 1901 einer
1529 1866 1617 1901 Ein-

873 1913 1044 1957 senkung
1068 1913 1134 1947 auf
1157 1913 1222 1948 der
1242 1913 1444 1949 Westseite
1464 1914 1528 1949 des
1549 1913 1617 1948 Pa-

872 1960 979 2004 131111,
1006 1960 1066 1995 die
1093 1961 1227 1996 andere
1254 1961 1321 1995 auf
1343 1961 1428 1996 dem
1452 1961 1618 2006 Kapitol.

873 2007 942 2043 Die
971 2009 1107 2043 erstere
1137 2019 1212 2043 war
1231 2008 1330 2043 wohl
1348 2019 1421 2043 von
1441 2008 1510 2044 den
1532 2007 1619 2043 Gal-

874 2055 969 2090 110111
994 2054 1310 2101 niedergebrannt
1335 2056 1497 2091 worden.

921 2102 1011 2148 nou]
1047 2104 1137 2138 statt
1168 2113 1306 2147 noune,
1336 2103 1374 2138 in
1406 2103 1508 2139 einer
1539 2114 1619 2138 ver·

874 2150 1091 2185 Wunderten
1107 2151 1237 2195 Frage,
1253 2151 1394 2185 welche
1409 2150 1481 2185 den
1497 2150 1619 2186 Nach-

875 2198 955 2231 satz
987 2208 1030 2231 zu
1056 2198 1176 2232 einem
1202 2197 1524 2243 Bedingungssatz
1549 2197 1620 2233 bil-

876 2245 956 2279 det:
984 2248 1016 2287 4,
1037 2248 1070 2288 4,
1092 2249 1130 2287 7;
1156 2248 1213 2288 40,
1238 2249 1292 2288 14,
1312 2249 1345 2280 4.

922 2292 1032 2338 iuter]
1075 2291 1231 2326 ‘mitten
1266 2293 1394 2335 unter,
1434 2292 1620 2337 umgeben

874 2339 981 2374 von'.
1020 2339 1113 2384 Kap.
1142 2344 1197 2382 54,
1219 2343 1250 2374 5.

916 2386 1079 2432 publice]
1107 2387 1141 2422 d.
1168 2387 1203 2421 11.
1231 2398 1303 2422 rem
1326 2387 1523 2431 publicam.

923 2437 954 2468 9.
982 2434 1139 2479 templis]
1170 2434 1235 2468 der
1260 2433 1415 2478 Tempel
1442 2434 1506 2469 des
1529 2434 1621 2479 Jup-

875 2480 974 2525 piter
1010 2480 1181 2526 Optimus
1213 2480 1397 2516 Maximus
1436 2481 1502 2516 auf
1537 2480 1621 2516 dem

875 2527 1039 2573 Kapitol.

918 2575 1036 2621 piyet]
1075 2574 1144 2610 Die
1179 2574 1424 2610 Schlussform
1462 2575 1513 2609 ist
1544 2574 1621 2610 die-

877 2622 997 2665 selbe,
1024 2621 1094 2656 wie
1120 2621 1212 2667 Kap.
1240 2625 1272 2665 4,
1297 2626 1350 2656 11.

923 2670 1064 2712 facturi
1081 2669 1237 2715 fuimus]
1259 2686 1302 2698 =
1321 2669 1536 2712 fecissemus.
1560 2668 1623 2704 Li-

877 2716 958 2751 vius
984 2715 1077 2751 liebt
1104 2716 1163 2751 die
1186 2716 1406 2761 Coniugatio
1432 2716 1623 2761 periphra-

878 2763 973 2798 stica
1009 2762 1048 2797 in
1084 2763 1154 2798 den
1186 2763 1547 2808 Folgerungssatzen
1579 2775 1623 2798 zu

877 2810 1034 2845 irrealen
1057 2809 1425 2855 Bedingungss‘atzen
1449 2810 1514 2846 der
1533 2810 1624 2846 Ver-

878 2857 1124 2902 gangenheit:
1162 2861 1193 2901 1,
1221 2862 1252 2901 7,
1280 2861 1299 2892 5
1332 2857 1409 2892 und
1440 2861 1498 2902 40,
1524 2862 1563 2902 45
1591 2862 1625 2902 2,

1317 2920 1337 2951 7
