<?xml version="1.0" encoding="UTF-8"?>
<!DOCTYPE html PUBLIC "-//W3C//DTD XHTML 1.0 Transitional//EN"
    "http://www.w3.org/TR/xhtml1/DTD/xhtml1-transitional.dtd">
<html xmlns="http://www.w3.org/1999/xhtml" xml:lang="en" lang="en">
 <head>
  <title>
</title>
<meta http-equiv="Content-Type" content="text/html;charset=utf-8" />
  <meta name='ocr-system' content='tesseract 3.04.00' />
  <meta name='ocr-capabilities' content='ocr_page ocr_carea ocr_par ocr_line ocrx_word'/>
</head>
<body>
  <div class='ocr_page' id='page_1' title='image "./aburbeconditali00livyuoft_0143.png"; bbox 0 0 1794 3084; ppageno 0'>
   <div class='ocr_carea' id='block_1_1' title="bbox 65 144 294 171">
    <p class='ocr_par' dir='ltr' id='par_1_1' title="bbox 65 144 294 171">
     <span class='ocr_line' id='line_1_1' title="bbox 65 144 294 171; baseline -0.009 0"><span class='ocrx_word' id='word_1_1' title='bbox 65 151 92 171; x_wconf 72' lang='lat' dir='ltr'><strong>a-</strong></span> <span class='ocrx_word' id='word_1_2' title='bbox 115 144 165 170; x_wconf 89' lang='lat' dir='ltr'>Ch.</span> <span class='ocrx_word' id='word_1_3' title='bbox 185 151 213 170; x_wconf 87' lang='lat' dir='ltr'>n.</span> <span class='ocrx_word' id='word_1_4' title='bbox 233 144 294 170; x_wconf 79' lang='grc'><strong>386</strong></span> 
     </span>
    </p>
   </div>
   <div class='ocr_carea' id='block_1_2' title="bbox 599 129 1627 169">
    <p class='ocr_par' dir='ltr' id='par_1_2' title="bbox 599 129 1627 169">
     <span class='ocr_line' id='line_1_2' title="bbox 599 129 1627 169; baseline 0.003 -3"><span class='ocrx_word' id='word_1_5' title='bbox 599 131 742 167; x_wconf 81' lang='lat' dir='ltr'><strong>LIBER</strong></span> <span class='ocrx_word' id='word_1_6' title='bbox 767 131 827 169; x_wconf 87' lang='lat' dir='ltr'>VI.</span> <span class='ocrx_word' id='word_1_7' title='bbox 879 130 983 167; x_wconf 91' lang='lat' dir='ltr'>CAP.</span> <span class='ocrx_word' id='word_1_8' title='bbox 1011 134 1044 166; x_wconf 88' lang='lat'><strong>8.</strong></span> <span class='ocrx_word' id='word_1_9' title='bbox 1071 135 1103 166; x_wconf 89' lang='lat'><strong>9.</strong></span> <span class='ocrx_word' id='word_1_10' title='bbox 1575 129 1627 169; x_wconf 84' lang='grc'><strong>21</strong></span> 
     </span>
    </p>
   </div>
   <div class='ocr_carea' id='block_1_3' title="bbox 67 237 1636 533">
    <p class='ocr_par' dir='ltr' id='par_1_3' title="bbox 67 237 1636 533">
     <span class='ocr_line' id='line_1_3' title="bbox 67 237 1633 297; baseline -0.003 -14"><span class='ocrx_word' id='word_1_11' title='bbox 67 241 206 297; x_wconf 91' lang='lat' dir='ltr'><strong>pediri</strong></span> <span class='ocrx_word' id='word_1_12' title='bbox 236 241 366 295; x_wconf 86' lang='lat' dir='ltr'><strong>videt,</strong></span> <span class='ocrx_word' id='word_1_13' title='bbox 397 241 539 282; x_wconf 90' lang='lat' dir='ltr'><strong>minus</strong></span> <span class='ocrx_word' id='word_1_14' title='bbox 572 255 665 282; x_wconf 90' lang='lat' dir='ltr'><strong>esse</strong></span> <span class='ocrx_word' id='word_1_15' title='bbox 698 240 831 282; x_wconf 90' lang='lat' dir='ltr'><strong>animi</strong></span> <span class='ocrx_word' id='word_1_16' title='bbox 863 242 981 281; x_wconf 89' lang='lat' dir='ltr'><strong>ratus</strong></span> <span class='ocrx_word' id='word_1_17' title='bbox 1014 239 1059 280; x_wconf 91' lang='lat' dir='ltr'><strong>in</strong></span> <span class='ocrx_word' id='word_1_18' title='bbox 1090 238 1226 289; x_wconf 86' lang='lat' dir='ltr'><strong>hoste,</strong></span> <span class='ocrx_word' id='word_1_19' title='bbox 1265 252 1393 293; x_wconf 87' lang='lat' dir='ltr'><strong>quam</strong></span> <span class='ocrx_word' id='word_1_20' title='bbox 1426 239 1475 279; x_wconf 92' lang='lat' dir='ltr'><strong>ut</strong></span> <span class='ocrx_word' id='word_1_21' title='bbox 1507 237 1550 278; x_wconf 89' lang='lat' dir='ltr'><strong>in</strong></span> <span class='ocrx_word' id='word_1_22' title='bbox 1584 252 1633 278; x_wconf 90' lang='lat' dir='ltr'><strong>eo</strong></span> 
     </span>
     <span class='ocr_line' id='line_1_4' title="bbox 67 296 1634 365; baseline -0.004 -22"><span class='ocrx_word' id='word_1_23' title='bbox 67 304 159 343; x_wconf 89' lang='lat' dir='ltr'><strong>tam</strong></span> <span class='ocrx_word' id='word_1_24' title='bbox 190 300 332 342; x_wconf 85' lang='lat' dir='ltr'><strong>lentae</strong></span> <span class='ocrx_word' id='word_1_25' title='bbox 372 301 464 354; x_wconf 91' lang='lat' dir='ltr'><strong>spei</strong></span> <span class='ocrx_word' id='word_1_26' title='bbox 502 300 727 341; x_wconf 86' lang='lat' dir='ltr'><strong>victoriam</strong></span> <span class='ocrx_word' id='word_1_27' title='bbox 766 300 1044 365; x_wconf 76' lang='lat' dir='ltr'><strong>exspectaret,</strong></span> <span class='ocrx_word' id='word_1_28' title='bbox 1083 297 1332 340; x_wconf 78' lang='lat' dir='ltr'><strong>cohortatus</strong></span> <span class='ocrx_word' id='word_1_29' title='bbox 1372 296 1544 350; x_wconf 83' lang='lat' dir='ltr'><strong>milites,</strong></span> <span class='ocrx_word' id='word_1_30' title='bbox 1581 310 1634 337; x_wconf 90' lang='lat' dir='ltr'><strong>ne</strong></span> 
     </span>
     <span class='ocr_line' id='line_1_5' title="bbox 68 357 1635 414; baseline -0.003 -13"><span class='ocrx_word' id='word_1_31' title='bbox 68 363 292 414; x_wconf 85' lang='lat' dir='ltr'><strong>tamquam</strong></span> <span class='ocrx_word' id='word_1_32' title='bbox 323 358 455 400; x_wconf 85' lang='lat' dir='ltr'><strong>Veios</strong></span> <span class='ocrx_word' id='word_1_33' title='bbox 489 361 789 414; x_wconf 88' lang='lat' dir='ltr'><strong>oppugnantes</strong></span> <span class='ocrx_word' id='word_1_34' title='bbox 821 358 866 398; x_wconf 91' lang='lat' dir='ltr'><strong>in</strong></span> <span class='ocrx_word' id='word_1_35' title='bbox 899 371 1025 412; x_wconf 90' lang='lat' dir='ltr'><strong>opere</strong></span> <span class='ocrx_word' id='word_1_36' title='bbox 1059 357 1294 412; x_wconf 89' lang='lat' dir='ltr'><strong>longinquo</strong></span> <span class='ocrx_word' id='word_1_37' title='bbox 1322 370 1412 398; x_wconf 89' lang='lat' dir='ltr'><strong>sese</strong></span> <span class='ocrx_word' id='word_1_38' title='bbox 1444 358 1635 397; x_wconf 90' lang='lat' dir='ltr'><strong>tererent</strong></span> 
     </span>
     <span class='ocr_line' id='line_1_6' title="bbox 71 414 1636 476; baseline -0.003 -16"><span class='ocrx_word' id='word_1_39' title='bbox 71 417 101 476; x_wconf 90' lang='lat'><strong>(:</strong></span> <span class='ocrx_word' id='word_1_40' title='bbox 117 419 343 460; x_wconf 87' lang='lat' dir='ltr'><strong>victoriam</strong></span> <span class='ocrx_word' id='word_1_41' title='bbox 363 418 408 459; x_wconf 91' lang='lat' dir='ltr'><strong>in</strong></span> <span class='ocrx_word' id='word_1_42' title='bbox 429 419 630 459; x_wconf 85' lang='lat' dir='ltr'><strong>manibus</strong></span> <span class='ocrx_word' id='word_1_43' title='bbox 657 415 782 473; x_wconf 84' lang='lat' dir='ltr'><strong>esse),</strong></span> <span class='ocrx_word' id='word_1_44' title='bbox 809 417 975 472; x_wconf 85' lang='lat' dir='ltr'><strong>ingenti</strong></span> <span class='ocrx_word' id='word_1_45' title='bbox 1002 416 1191 458; x_wconf 78' lang='lat' dir='ltr'><strong>militum</strong></span> <span class='ocrx_word' id='word_1_46' title='bbox 1218 415 1439 457; x_wconf 80' lang='lat' dir='ltr'><strong>alacritate</strong></span> <span class='ocrx_word' id='word_1_47' title='bbox 1465 414 1636 456; x_wconf 85' lang='lat' dir='ltr'><strong>moenia</strong></span> 
     </span>
     <span class='ocr_line' id='line_1_7' title="bbox 68 473 1635 533; baseline -0.003 -14"><span class='ocrx_word' id='word_1_48' title='bbox 68 477 254 533; x_wconf 89' lang='lat' dir='ltr'><strong>undique</strong></span> <span class='ocrx_word' id='word_1_49' title='bbox 287 477 514 532; x_wconf 87' lang='lat' dir='ltr'><strong>adgressus</strong></span> <span class='ocrx_word' id='word_1_50' title='bbox 547 477 675 518; x_wconf 89' lang='lat' dir='ltr'><strong>scalis</strong></span> <span class='ocrx_word' id='word_1_51' title='bbox 709 476 914 530; x_wconf 87' lang='lat' dir='ltr'><strong>oppidum</strong></span> <span class='ocrx_word' id='word_1_52' title='bbox 941 476 1065 530; x_wconf 84' lang='lat' dir='ltr'><strong>cepit.</strong></span> <span class='ocrx_word' id='word_1_53' title='bbox 1116 475 1265 517; x_wconf 88' lang='lat' dir='ltr'><strong>Volsci</strong></span> <span class='ocrx_word' id='word_1_54' title='bbox 1293 474 1472 516; x_wconf 87' lang='lat' dir='ltr'><strong>abiectis</strong></span> <span class='ocrx_word' id='word_1_55' title='bbox 1505 473 1635 515; x_wconf 87' lang='lat' dir='ltr'><strong>armis</strong></span> 
     </span>
    </p>
   </div>
   <div class='ocr_carea' id='block_1_4' title="bbox 69 536 458 579">
    <p class='ocr_par' dir='ltr' id='par_1_4' title="bbox 69 536 458 579">
     <span class='ocr_line' id='line_1_8' title="bbox 69 536 458 579; baseline -0.005 0"><span class='ocrx_word' id='word_1_56' title='bbox 69 551 162 579; x_wconf 85' lang='lat' dir='ltr'><strong>sese</strong></span> <span class='ocrx_word' id='word_1_57' title='bbox 195 536 458 578; x_wconf 89' lang='lat' dir='ltr'><strong>dediderunt.</strong></span> 
     </span>
    </p>
   </div>
   <div class='ocr_carea' id='block_1_5' title="bbox 67 590 1688 1064">
    <p class='ocr_par' dir='ltr' id='par_1_5' title="bbox 67 590 1688 1064">
     <span class='ocr_line' id='line_1_9' title="bbox 189 590 1688 647; baseline -0.004 -10"><span class='ocrx_word' id='word_1_58' title='bbox 189 594 390 638; x_wconf 84' lang='lat' dir='ltr'><strong>Ceterum</strong></span> <span class='ocrx_word' id='word_1_59' title='bbox 423 595 591 636; x_wconf 87' lang='lat' dir='ltr'><strong>animus</strong></span> <span class='ocrx_word' id='word_1_60' title='bbox 631 594 748 635; x_wconf 89' lang='lat' dir='ltr'><strong>ducis</strong></span> <span class='ocrx_word' id='word_1_61' title='bbox 787 594 849 635; x_wconf 86' lang='lat' dir='ltr'><strong>rei</strong></span> <span class='ocrx_word' id='word_1_62' title='bbox 887 593 1054 647; x_wconf 86' lang='lat' dir='ltr'><strong>maiori,</strong></span> <span class='ocrx_word' id='word_1_63' title='bbox 1093 593 1239 647; x_wconf 86' lang='lat' dir='ltr'><strong>Antio,</strong></span> <span class='ocrx_word' id='word_1_64' title='bbox 1278 592 1548 634; x_wconf 85' lang='lat' dir='ltr'><strong>imminebat:</strong></span> <span class='ocrx_word' id='word_1_65' title='bbox 1593 591 1635 632; x_wconf 87' lang='lat' dir='ltr'><strong>id</strong></span> <span class='ocrx_word' id='word_1_66' title='bbox 1664 590 1688 631; x_wconf 86' lang='lat'>9</span> 
     </span>
     <span class='ocr_line' id='line_1_10' title="bbox 69 649 1682 710; baseline -0.004 -13"><span class='ocrx_word' id='word_1_67' title='bbox 69 657 200 710; x_wconf 88' lang='lat' dir='ltr'><strong>caput</strong></span> <span class='ocrx_word' id='word_1_68' title='bbox 229 653 500 709; x_wconf 91' lang='lat' dir='ltr'><strong>Volscorum,</strong></span> <span class='ocrx_word' id='word_1_69' title='bbox 533 668 626 695; x_wconf 87' lang='lat' dir='ltr'><strong>eam</strong></span> <span class='ocrx_word' id='word_1_70' title='bbox 659 653 791 695; x_wconf 86' lang='lat' dir='ltr'><strong>fuisse</strong></span> <span class='ocrx_word' id='word_1_71' title='bbox 819 652 1030 707; x_wconf 86' lang='lat' dir='ltr'><strong>originem</strong></span> <span class='ocrx_word' id='word_1_72' title='bbox 1056 653 1243 706; x_wconf 78' lang='lat' dir='ltr'><strong>ploximi</strong></span> <span class='ocrx_word' id='word_1_73' title='bbox 1269 652 1384 693; x_wconf 92' lang='lat' dir='ltr'><strong>belli</strong></span> <span class='ocrx_word' id='word_1_74' title='bbox 1436 651 1509 692; x_wconf 85' lang='lat' dir='ltr'><strong>sed</strong></span> <span class='ocrx_word' id='word_1_75' title='bbox 1536 651 1636 705; x_wconf 86' lang='lat' dir='ltr'><strong>quia</strong></span> <span class='ocrx_word' id='word_1_76' title='bbox 1662 649 1682 690; x_wconf 85' lang='grc'>2</span> 
     </span>
     <span class='ocr_line' id='line_1_11' title="bbox 67 709 1636 769; baseline -0.004 -13"><span class='ocrx_word' id='word_1_77' title='bbox 67 714 153 756; x_wconf 83' lang='grc'>11181</span> <span class='ocrx_word' id='word_1_78' title='bbox 184 728 342 769; x_wconf 88' lang='lat' dir='ltr'><strong>magno</strong></span> <span class='ocrx_word' id='word_1_79' title='bbox 377 715 600 768; x_wconf 88' lang='lat' dir='ltr'><strong>apparatu,</strong></span> <span class='ocrx_word' id='word_1_80' title='bbox 631 712 859 754; x_wconf 84' lang='lat' dir='ltr'><strong>tormentis</strong></span> <span class='ocrx_word' id='word_1_81' title='bbox 892 711 1199 766; x_wconf 83' lang='lat' dir='ltr'><strong>machinisque,</strong></span> <span class='ocrx_word' id='word_1_82' title='bbox 1238 715 1328 753; x_wconf 85' lang='lat' dir='ltr'><strong>tam</strong></span> <span class='ocrx_word' id='word_1_83' title='bbox 1363 709 1502 751; x_wconf 87' lang='lat' dir='ltr'><strong>valida</strong></span> <span class='ocrx_word' id='word_1_84' title='bbox 1534 710 1636 751; x_wconf 89' lang='lat' dir='ltr'><strong>urbs</strong></span> 
     </span>
     <span class='ocr_line' id='line_1_12' title="bbox 70 769 1638 828; baseline -0.004 -12"><span class='ocrx_word' id='word_1_85' title='bbox 70 773 166 828; x_wconf 89' lang='lat' dir='ltr'><strong>capi</strong></span> <span class='ocrx_word' id='word_1_86' title='bbox 209 787 297 815; x_wconf 90' lang='lat' dir='ltr'><strong>non</strong></span> <span class='ocrx_word' id='word_1_87' title='bbox 341 774 525 828; x_wconf 86' lang='lat' dir='ltr'><strong>poterat,</strong></span> <span class='ocrx_word' id='word_1_88' title='bbox 569 772 720 813; x_wconf 89' lang='lat' dir='ltr'><strong>relicto</strong></span> <span class='ocrx_word' id='word_1_89' title='bbox 767 771 820 813; x_wconf 87' lang='lat' dir='ltr'><strong>ad</strong></span> <span class='ocrx_word' id='word_1_90' title='bbox 865 771 1097 812; x_wconf 88' lang='lat' dir='ltr'><strong>exercitum</strong></span> <span class='ocrx_word' id='word_1_91' title='bbox 1142 771 1307 825; x_wconf 82' lang='lat' dir='ltr'><strong>collega</strong></span> <span class='ocrx_word' id='word_1_92' title='bbox 1345 769 1527 811; x_wconf 85' lang='lat' dir='ltr'><strong>Romam</strong></span> <span class='ocrx_word' id='word_1_93' title='bbox 1572 771 1638 810; x_wconf 89' lang='lat' dir='ltr'><strong>est</strong></span> 
     </span>
     <span class='ocr_line' id='line_1_13' title="bbox 68 828 1684 887; baseline -0.003 -13"><span class='ocrx_word' id='word_1_94' title='bbox 68 831 302 887; x_wconf 88' lang='lat' dir='ltr'><strong>profectus,</strong></span> <span class='ocrx_word' id='word_1_95' title='bbox 333 834 382 874; x_wconf 92' lang='lat' dir='ltr'><strong>ut</strong></span> <span class='ocrx_word' id='word_1_96' title='bbox 409 834 606 873; x_wconf 88' lang='lat' dir='ltr'><strong>senatum</strong></span> <span class='ocrx_word' id='word_1_97' title='bbox 632 831 685 872; x_wconf 88' lang='lat' dir='ltr'><strong>ad</strong></span> <span class='ocrx_word' id='word_1_98' title='bbox 711 830 992 872; x_wconf 86' lang='lat' dir='ltr'><strong>excidendum</strong></span> <span class='ocrx_word' id='word_1_99' title='bbox 1013 830 1194 871; x_wconf 85' lang='lat' dir='ltr'><strong>Antium</strong></span> <span class='ocrx_word' id='word_1_100' title='bbox 1219 829 1480 871; x_wconf 84' lang='lat' dir='ltr'><strong>hortaretur.</strong></span> <span class='ocrx_word' id='word_1_101' title='bbox 1525 828 1638 869; x_wconf 92' lang='lat' dir='ltr'><strong>inter</strong></span> <span class='ocrx_word' id='word_1_102' title='bbox 1664 838 1684 868; x_wconf 88' lang='lat'><strong>3</strong></span> 
     </span>
     <span class='ocr_line' id='line_1_14' title="bbox 69 888 1638 946; baseline -0.003 -13"><span class='ocrx_word' id='word_1_103' title='bbox 69 905 312 934; x_wconf 88' lang='lat' dir='ltr'><strong>sermonem</strong></span> <span class='ocrx_word' id='word_1_104' title='bbox 345 891 436 932; x_wconf 89' lang='lat' dir='ltr'><strong>eius</strong></span> <span class='ocrx_word' id='word_1_105' title='bbox 469 890 547 946; x_wconf 83' lang='lat'><strong>(—</strong></span> <span class='ocrx_word' id='word_1_106' title='bbox 581 890 706 932; x_wconf 90' lang='lat' dir='ltr'><strong>credo</strong></span> <span class='ocrx_word' id='word_1_107' title='bbox 738 904 829 931; x_wconf 90' lang='lat' dir='ltr'><strong>rem</strong></span> <span class='ocrx_word' id='word_1_108' title='bbox 863 890 1084 931; x_wconf 90' lang='lat' dir='ltr'><strong>Antiatem</strong></span> <span class='ocrx_word' id='word_1_109' title='bbox 1116 888 1428 930; x_wconf 86' lang='lat' dir='ltr'><strong>diuturniorem</strong></span> <span class='ocrx_word' id='word_1_110' title='bbox 1466 901 1638 929; x_wconf 89' lang='lat' dir='ltr'><strong>manere</strong></span> 
     </span>
     <span class='ocr_line' id='line_1_15' title="bbox 68 946 1638 1005; baseline -0.003 -13"><span class='ocrx_word' id='word_1_111' title='bbox 68 950 132 992; x_wconf 88' lang='lat' dir='ltr'><strong>dis</strong></span> <span class='ocrx_word' id='word_1_112' title='bbox 165 950 282 992; x_wconf 91' lang='lat' dir='ltr'><strong>cordi</strong></span> <span class='ocrx_word' id='word_1_113' title='bbox 321 949 451 992; x_wconf 88' lang='lat' dir='ltr'><strong>fuisse</strong></span> <span class='ocrx_word' id='word_1_114' title='bbox 487 948 560 1005; x_wconf 85' lang='lat'><strong>—)</strong></span> <span class='ocrx_word' id='word_1_115' title='bbox 599 949 732 1004; x_wconf 88' lang='lat' dir='ltr'><strong>legati</strong></span> <span class='ocrx_word' id='word_1_116' title='bbox 770 949 823 990; x_wconf 90' lang='lat' dir='ltr'><strong>ab</strong></span> <span class='ocrx_word' id='word_1_117' title='bbox 858 948 1028 1003; x_wconf 86' lang='lat' dir='ltr'><strong>Nepete</strong></span> <span class='ocrx_word' id='word_1_118' title='bbox 1063 962 1110 989; x_wconf 88' lang='lat' dir='ltr'><strong>ac</strong></span> <span class='ocrx_word' id='word_1_119' title='bbox 1144 946 1287 990; x_wconf 87' lang='lat' dir='ltr'><strong>Sutrio</strong></span> <span class='ocrx_word' id='word_1_120' title='bbox 1322 947 1526 988; x_wconf 86' lang='lat' dir='ltr'><strong>auxilium</strong></span> <span class='ocrx_word' id='word_1_121' title='bbox 1568 946 1638 988; x_wconf 87' lang='lat' dir='ltr'><strong>ad-</strong></span> 
     </span>
     <span class='ocr_line' id='line_1_16' title="bbox 68 1007 1639 1064; baseline -0.003 -13"><span class='ocrx_word' id='word_1_122' title='bbox 68 1023 218 1051; x_wconf 87' lang='lat' dir='ltr'><strong>versus</strong></span> <span class='ocrx_word' id='word_1_123' title='bbox 263 1009 474 1051; x_wconf 88' lang='lat' dir='ltr'><strong>Etruscos</strong></span> <span class='ocrx_word' id='word_1_124' title='bbox 519 1011 716 1064; x_wconf 84' lang='lat' dir='ltr'><strong>petentes</strong></span> <span class='ocrx_word' id='word_1_125' title='bbox 761 1008 950 1061; x_wconf 87' lang='lat' dir='ltr'><strong>veniunt,</strong></span> <span class='ocrx_word' id='word_1_126' title='bbox 1001 1007 1174 1049; x_wconf 89' lang='lat' dir='ltr'><strong>brevem</strong></span> <span class='ocrx_word' id='word_1_127' title='bbox 1229 1007 1498 1049; x_wconf 86' lang='lat' dir='ltr'><strong>occasionem</strong></span> <span class='ocrx_word' id='word_1_128' title='bbox 1546 1019 1639 1047; x_wconf 89' lang='lat' dir='ltr'><strong>esse</strong></span> 
     </span>
    </p>
   </div>
   <div class='ocr_carea' id='block_1_6' title="bbox 68 1068 748 1111">
    <p class='ocr_par' dir='ltr' id='par_1_6' title="bbox 68 1068 748 1111">
     <span class='ocr_line' id='line_1_17' title="bbox 68 1068 748 1111; baseline -0.003 -1"><span class='ocrx_word' id='word_1_129' title='bbox 68 1068 233 1111; x_wconf 90' lang='lat' dir='ltr'><strong>ferendi</strong></span> <span class='ocrx_word' id='word_1_130' title='bbox 266 1068 412 1110; x_wconf 86' lang='lat' dir='ltr'><strong>auxilii</strong></span> <span class='ocrx_word' id='word_1_131' title='bbox 445 1070 748 1110; x_wconf 80' lang='lat' dir='ltr'><strong>memorantes,</strong></span> 
     </span>
    </p>
   </div>
   <div class='ocr_carea' id='block_1_7' title="bbox 187 1125 1259 1169">
    <p class='ocr_par' dir='ltr' id='par_1_7' title="bbox 187 1125 1259 1169">
     <span class='ocr_line' id='line_1_18' title="bbox 187 1125 1259 1169; baseline -0.004 0"><span class='ocrx_word' id='word_1_132' title='bbox 187 1127 253 1169; x_wconf 89' lang='lat' dir='ltr'><strong>Eo</strong></span> <span class='ocrx_word' id='word_1_133' title='bbox 286 1128 373 1169; x_wconf 89' lang='lat' dir='ltr'><strong>vim</strong></span> <span class='ocrx_word' id='word_1_134' title='bbox 407 1126 578 1169; x_wconf 87' lang='lat' dir='ltr'><strong>Camilli</strong></span> <span class='ocrx_word' id='word_1_135' title='bbox 617 1127 671 1168; x_wconf 89' lang='lat' dir='ltr'><strong>ab</strong></span> <span class='ocrx_word' id='word_1_136' title='bbox 704 1127 837 1168; x_wconf 88' lang='lat' dir='ltr'><strong>Antio</strong></span> <span class='ocrx_word' id='word_1_137' title='bbox 876 1125 1053 1167; x_wconf 85' lang='lat' dir='ltr'><strong>fortuna</strong></span> <span class='ocrx_word' id='word_1_138' title='bbox 1092 1125 1259 1167; x_wconf 86' lang='lat' dir='ltr'><strong>avertit.</strong></span> 
     </span>
    </p>
   </div>
   <div class='ocr_carea' id='block_1_8' title="bbox 1322 1132 1686 1178">
    <p class='ocr_par' dir='ltr' id='par_1_8' title="bbox 1322 1132 1686 1178">
     <span class='ocr_line' id='line_1_19' title="bbox 1322 1132 1686 1178; baseline -0.003 -13"><span class='ocrx_word' id='word_1_139' title='bbox 1322 1137 1508 1178; x_wconf 86' lang='lat' dir='ltr'><strong>namque</strong></span> <span class='ocrx_word' id='word_1_140' title='bbox 1541 1137 1636 1165; x_wconf 88' lang='lat' dir='ltr'><strong>cum</strong></span> <span class='ocrx_word' id='word_1_141' title='bbox 1664 1132 1686 1164; x_wconf 86' lang='lat'><strong>4</strong></span> 
     </span>
    </p>
   </div>
   <div class='ocr_carea' id='block_1_9' title="bbox 68 1183 1686 1478">
    <p class='ocr_par' dir='ltr' id='par_1_9' title="bbox 68 1183 1686 1478">
     <span class='ocr_line' id='line_1_20' title="bbox 69 1183 1638 1241; baseline -0.004 -12"><span class='ocrx_word' id='word_1_142' title='bbox 69 1201 120 1229; x_wconf 89' lang='lat' dir='ltr'><strong>ea</strong></span> <span class='ocrx_word' id='word_1_143' title='bbox 159 1187 255 1228; x_wconf 87' lang='lat' dir='ltr'><strong>loca</strong></span> <span class='ocrx_word' id='word_1_144' title='bbox 293 1187 496 1241; x_wconf 89' lang='lat' dir='ltr'><strong>opposita</strong></span> <span class='ocrx_word' id='word_1_145' title='bbox 533 1186 734 1227; x_wconf 84' lang='lat' dir='ltr'><strong>Etruriae</strong></span> <span class='ocrx_word' id='word_1_146' title='bbox 779 1187 822 1227; x_wconf 94' lang='lat' dir='ltr'><strong>et</strong></span> <span class='ocrx_word' id='word_1_147' title='bbox 865 1185 981 1226; x_wconf 87' lang='lat' dir='ltr'><strong>velut</strong></span> <span class='ocrx_word' id='word_1_148' title='bbox 1025 1185 1215 1225; x_wconf 86' lang='lat' dir='ltr'><strong>claustra</strong></span> <span class='ocrx_word' id='word_1_149' title='bbox 1258 1183 1356 1224; x_wconf 89' lang='lat' dir='ltr'><strong>inde</strong></span> <span class='ocrx_word' id='word_1_150' title='bbox 1402 1185 1638 1237; x_wconf 88' lang='lat' dir='ltr'><strong>portaeque</strong></span> 
     </span>
     <span class='ocr_line' id='line_1_21' title="bbox 70 1242 1640 1299; baseline -0.004 -11"><span class='ocrx_word' id='word_1_151' title='bbox 70 1248 224 1298; x_wconf 84' lang='lat' dir='ltr'><strong>essent,</strong></span> <span class='ocrx_word' id='word_1_152' title='bbox 268 1248 311 1287; x_wconf 90' lang='lat' dir='ltr'><strong>et</strong></span> <span class='ocrx_word' id='word_1_153' title='bbox 354 1245 441 1287; x_wconf 89' lang='lat' dir='ltr'><strong>illis</strong></span> <span class='ocrx_word' id='word_1_154' title='bbox 488 1244 724 1299; x_wconf 88' lang='lat' dir='ltr'><strong>occupandi</strong></span> <span class='ocrx_word' id='word_1_155' title='bbox 771 1259 831 1298; x_wconf 89' lang='lat' dir='ltr'><strong>ea,</strong></span> <span class='ocrx_word' id='word_1_156' title='bbox 877 1257 972 1285; x_wconf 87' lang='lat' dir='ltr'><strong>cum</strong></span> <span class='ocrx_word' id='word_1_157' title='bbox 1013 1243 1114 1297; x_wconf 89' lang='lat' dir='ltr'><strong>quid</strong></span> <span class='ocrx_word' id='word_1_158' title='bbox 1150 1242 1252 1284; x_wconf 87' lang='lat' dir='ltr'><strong>novi</strong></span> <span class='ocrx_word' id='word_1_159' title='bbox 1289 1242 1556 1296; x_wconf 84' lang='lat' dir='ltr'><strong>molirentur,</strong></span> <span class='ocrx_word' id='word_1_160' title='bbox 1598 1244 1640 1282; x_wconf 90' lang='lat' dir='ltr'><strong>et</strong></span> 
     </span>
     <span class='ocr_line' id='line_1_22' title="bbox 68 1301 1686 1359; baseline -0.003 -13"><span class='ocrx_word' id='word_1_161' title='bbox 68 1304 277 1346; x_wconf 89' lang='lat' dir='ltr'><strong>Romanis</strong></span> <span class='ocrx_word' id='word_1_162' title='bbox 309 1304 587 1359; x_wconf 88' lang='lat' dir='ltr'><strong>recuperandi</strong></span> <span class='ocrx_word' id='word_1_163' title='bbox 618 1302 850 1358; x_wconf 88' lang='lat' dir='ltr'><strong>tuendique</strong></span> <span class='ocrx_word' id='word_1_164' title='bbox 883 1317 984 1344; x_wconf 89' lang='lat' dir='ltr'><strong>cura</strong></span> <span class='ocrx_word' id='word_1_165' title='bbox 1018 1304 1122 1344; x_wconf 91' lang='lat' dir='ltr'><strong>erat.</strong></span> <span class='ocrx_word' id='word_1_166' title='bbox 1183 1302 1317 1357; x_wconf 90' lang='lat' dir='ltr'><strong>igitur</strong></span> <span class='ocrx_word' id='word_1_167' title='bbox 1345 1301 1511 1342; x_wconf 91' lang='lat' dir='ltr'><strong>senatui</strong></span> <span class='ocrx_word' id='word_1_168' title='bbox 1544 1315 1638 1342; x_wconf 91' lang='lat' dir='ltr'><strong>cum</strong></span> <span class='ocrx_word' id='word_1_169' title='bbox 1667 1310 1686 1340; x_wconf 86' lang='lat'>5</span> 
     </span>
     <span class='ocr_line' id='line_1_23' title="bbox 70 1359 1639 1418; baseline -0.003 -13"><span class='ocrx_word' id='word_1_170' title='bbox 70 1362 254 1405; x_wconf 86' lang='lat' dir='ltr'><strong>Camillo</strong></span> <span class='ocrx_word' id='word_1_171' title='bbox 288 1364 359 1418; x_wconf 89' lang='lat' dir='ltr'><strong>agi</strong></span> <span class='ocrx_word' id='word_1_172' title='bbox 392 1363 568 1418; x_wconf 86' lang='lat' dir='ltr'><strong>placuit,</strong></span> <span class='ocrx_word' id='word_1_173' title='bbox 598 1365 647 1403; x_wconf 91' lang='lat' dir='ltr'><strong>ut</strong></span> <span class='ocrx_word' id='word_1_174' title='bbox 679 1363 841 1404; x_wconf 89' lang='lat' dir='ltr'><strong>omisso</strong></span> <span class='ocrx_word' id='word_1_175' title='bbox 875 1362 1008 1403; x_wconf 90' lang='lat' dir='ltr'><strong>Antio</strong></span> <span class='ocrx_word' id='word_1_176' title='bbox 1046 1362 1209 1403; x_wconf 89' lang='lat' dir='ltr'><strong>bellum</strong></span> <span class='ocrx_word' id='word_1_177' title='bbox 1241 1360 1471 1402; x_wconf 88' lang='lat' dir='ltr'><strong>Etruscum</strong></span> <span class='ocrx_word' id='word_1_178' title='bbox 1508 1359 1639 1401; x_wconf 87' lang='lat' dir='ltr'><strong>susci-</strong></span> 
     </span>
     <span class='ocr_line' id='line_1_24' title="bbox 69 1418 1642 1478; baseline -0.003 -14"><span class='ocrx_word' id='word_1_179' title='bbox 69 1425 200 1478; x_wconf 84' lang='lat' dir='ltr'><strong>peret.</strong></span> <span class='ocrx_word' id='word_1_180' title='bbox 258 1423 452 1478; x_wconf 85' lang='lat' dir='ltr'><strong>legiones</strong></span> <span class='ocrx_word' id='word_1_181' title='bbox 485 1423 688 1476; x_wconf 87' lang='lat' dir='ltr'><strong>urbanae,</strong></span> <span class='ocrx_word' id='word_1_182' title='bbox 715 1423 870 1477; x_wconf 88' lang='lat' dir='ltr'><strong>quibus</strong></span> <span class='ocrx_word' id='word_1_183' title='bbox 893 1419 1119 1470; x_wconf 83' lang='lat' dir='ltr'><strong>Quinctius</strong></span> <span class='ocrx_word' id='word_1_184' title='bbox 1146 1420 1403 1475; x_wconf 88' lang='lat' dir='ltr'><strong>praefuerat,</strong></span> <span class='ocrx_word' id='word_1_185' title='bbox 1436 1420 1475 1460; x_wconf 93' lang='lat' dir='ltr'><strong>ei</strong></span> <span class='ocrx_word' id='word_1_186' title='bbox 1503 1418 1642 1460; x_wconf 91' lang='lat' dir='ltr'><strong>decer-</strong></span> 
     </span>
    </p>
   </div>
   <div class='ocr_carea' id='block_1_10' title="bbox 67 1538 821 2767">
    <p class='ocr_par' dir='ltr' id='par_1_10' title="bbox 67 1538 820 1631">
     <span class='ocr_line' id='line_1_25' title="bbox 67 1538 820 1585; baseline -0.001 -11"><span class='ocrx_word' id='word_1_187' title='bbox 67 1550 176 1585; x_wconf 73' lang='lat' dir='ltr'><strong>quam</strong></span> <span class='ocrx_word' id='word_1_188' title='bbox 210 1539 306 1574; x_wconf 80' lang='lat' dir='ltr'><strong>videt</strong></span> <span class='ocrx_word' id='word_1_189' title='bbox 339 1539 481 1574; x_wconf 73' lang='lat' dir='ltr'><strong>nullam</strong></span> <span class='ocrx_word' id='word_1_190' title='bbox 516 1539 739 1584; x_wconf 74' lang='lat' dir='ltr'><strong>eruptionem</strong></span> <span class='ocrx_word' id='word_1_191' title='bbox 771 1538 820 1573; x_wconf 83' lang='lat' dir='ltr'><strong>ad</strong></span> 
     </span>
     <span class='ocr_line' id='line_1_26' title="bbox 69 1586 482 1631; baseline -0.005 -9"><span class='ocrx_word' id='word_1_192' title='bbox 69 1597 111 1622; x_wconf 84' lang='lat' dir='ltr'><strong>ea</strong></span> <span class='ocrx_word' id='word_1_193' title='bbox 135 1586 367 1631; x_wconf 75' lang='lat' dir='ltr'><strong>impedienda</strong></span> <span class='ocrx_word' id='word_1_194' title='bbox 391 1586 482 1629; x_wconf 72' lang='lat' dir='ltr'><strong>fieri.</strong></span> 
     </span>
    </p>

    <p class='ocr_par' dir='ltr' id='par_1_11' title="bbox 67 1632 820 1773">
     <span class='ocr_line' id='line_1_27' title="bbox 115 1632 820 1679; baseline -0.003 -10"><span class='ocrx_word' id='word_1_195' title='bbox 115 1637 190 1670; x_wconf 81' lang='lat' dir='ltr'><strong>tam</strong></span> <span class='ocrx_word' id='word_1_196' title='bbox 215 1634 332 1669; x_wconf 75' lang='lat' dir='ltr'><strong>lentae</strong></span> <span class='ocrx_word' id='word_1_197' title='bbox 356 1633 449 1679; x_wconf 74' lang='lat' dir='ltr'><strong>spei]</strong></span> <span class='ocrx_word' id='word_1_198' title='bbox 477 1632 559 1668; x_wconf 79' lang='lat' dir='ltr'><strong>‘der</strong></span> <span class='ocrx_word' id='word_1_199' title='bbox 579 1633 618 1667; x_wconf 89' lang='lat' dir='ltr'><strong>in</strong></span> <span class='ocrx_word' id='word_1_200' title='bbox 639 1643 678 1667; x_wconf 88' lang='lat' dir='ltr'><strong>so</strong></span> <span class='ocrx_word' id='word_1_201' title='bbox 698 1632 820 1667; x_wconf 84' lang='lat' dir='ltr'><strong>ferner</strong></span> 
     </span>
     <span class='ocr_line' id='line_1_28' title="bbox 68 1680 820 1724; baseline -0.003 -8"><span class='ocrx_word' id='word_1_202' title='bbox 68 1681 245 1716; x_wconf 80' lang='lat' dir='ltr'><strong>Aussicht</strong></span> <span class='ocrx_word' id='word_1_203' title='bbox 270 1681 405 1724; x_wconf 84' lang='lat' dir='ltr'><strong>stehe&#39;,</strong></span> <span class='ocrx_word' id='word_1_204' title='bbox 432 1682 465 1716; x_wconf 89' lang='lat' dir='ltr'><strong>d.</strong></span> <span class='ocrx_word' id='word_1_205' title='bbox 493 1681 529 1715; x_wconf 87' lang='lat' dir='ltr'>h.</span> <span class='ocrx_word' id='word_1_206' title='bbox 557 1680 624 1715; x_wconf 84' lang='lat' dir='ltr'><strong>auf</strong></span> <span class='ocrx_word' id='word_1_207' title='bbox 647 1680 720 1714; x_wconf 86' lang='lat' dir='ltr'><strong>den</strong></span> <span class='ocrx_word' id='word_1_208' title='bbox 745 1681 820 1715; x_wconf 84' lang='lat' dir='ltr'><strong>erst</strong></span> 
     </span>
     <span class='ocr_line' id='line_1_29' title="bbox 67 1726 817 1773; baseline -0.005 -8"><span class='ocrx_word' id='word_1_209' title='bbox 67 1729 165 1764; x_wconf 87' lang='lat' dir='ltr'><strong>nach</strong></span> <span class='ocrx_word' id='word_1_210' title='bbox 201 1739 240 1763; x_wconf 87' lang='lat' dir='ltr'><strong>so</strong></span> <span class='ocrx_word' id='word_1_211' title='bbox 272 1728 403 1773; x_wconf 88' lang='lat' dir='ltr'><strong>langer</strong></span> <span class='ocrx_word' id='word_1_212' title='bbox 429 1728 509 1763; x_wconf 91' lang='lat' dir='ltr'><strong>Zeit</strong></span> <span class='ocrx_word' id='word_1_213' title='bbox 533 1740 577 1762; x_wconf 88' lang='lat' dir='ltr'><strong>zu</strong></span> <span class='ocrx_word' id='word_1_214' title='bbox 602 1726 727 1762; x_wconf 88' lang='lat' dir='ltr'><strong>hoffen</strong></span> <span class='ocrx_word' id='word_1_215' title='bbox 754 1727 817 1762; x_wconf 86' lang='lat' dir='ltr'><strong>sei.</strong></span> 
     </span>
    </p>

    <p class='ocr_par' dir='ltr' id='par_1_12' title="bbox 68 1774 820 1868">
     <span class='ocr_line' id='line_1_30' title="bbox 116 1774 820 1821; baseline -0.003 -10"><span class='ocrx_word' id='word_1_216' title='bbox 116 1775 324 1821; x_wconf 77' lang='lat' dir='ltr'><strong>tamquam]</strong></span> <span class='ocrx_word' id='word_1_217' title='bbox 365 1774 435 1810; x_wconf 87' lang='lat' dir='ltr'><strong>mit</strong></span> <span class='ocrx_word' id='word_1_218' title='bbox 471 1774 606 1810; x_wconf 87' lang='lat' dir='ltr'><strong>Partic.</strong></span> <span class='ocrx_word' id='word_1_219' title='bbox 646 1776 739 1809; x_wconf 84' lang='lat' dir='ltr'><strong>statt</strong></span> <span class='ocrx_word' id='word_1_220' title='bbox 774 1775 820 1818; x_wconf 83' lang='lat' dir='ltr'><strong>si,</strong></span> 
     </span>
     <span class='ocr_line' id='line_1_31' title="bbox 68 1822 817 1868; baseline -0.003 -10"><span class='ocrx_word' id='word_1_221' title='bbox 68 1840 113 1853; x_wconf 95' lang='lat'><strong><em>=</em></strong></span> <span class='ocrx_word' id='word_1_222' title='bbox 138 1826 323 1868; x_wconf 78' lang='lat' dir='ltr'><strong>tamquam</strong></span> <span class='ocrx_word' id='word_1_223' title='bbox 353 1824 386 1858; x_wconf 83' lang='lat' dir='ltr'><strong>si</strong></span> <span class='ocrx_word' id='word_1_224' title='bbox 417 1822 522 1858; x_wconf 79' lang='lat' dir='ltr'><strong>Veios</strong></span> <span class='ocrx_word' id='word_1_225' title='bbox 553 1825 817 1867; x_wconf 71' lang='lat' dir='ltr'><strong>oppuynarent.</strong></span> 
     </span>
    </p>

    <p class='ocr_par' dir='ltr' id='par_1_13' title="bbox 67 1869 816 1964">
     <span class='ocr_line' id='line_1_32' title="bbox 114 1869 816 1916; baseline -0.003 -10"><span class='ocrx_word' id='word_1_226' title='bbox 114 1881 186 1906; x_wconf 78' lang='lat' dir='ltr'><strong>sese</strong></span> <span class='ocrx_word' id='word_1_227' title='bbox 234 1870 401 1916; x_wconf 76' lang='lat' dir='ltr'><strong>tererent]</strong></span> <span class='ocrx_word' id='word_1_228' title='bbox 457 1869 552 1905; x_wconf 78' lang='lat' dir='ltr'><strong>‘sich</strong></span> <span class='ocrx_word' id='word_1_229' title='bbox 602 1869 816 1905; x_wconf 75' lang='lat' dir='ltr'><strong>abmiihen’.</strong></span> 
     </span>
     <span class='ocr_line' id='line_1_33' title="bbox 67 1917 411 1964; baseline -0.009 -10"><span class='ocrx_word' id='word_1_230' title='bbox 67 1917 273 1964; x_wconf 85' lang='lat' dir='ltr'><strong>Vg1.Kap.</strong></span> <span class='ocrx_word' id='word_1_231' title='bbox 302 1920 411 1960; x_wconf 83' lang='lat'><strong>27‚7.</strong></span> 
     </span>
    </p>

    <p class='ocr_par' dir='ltr' id='par_1_14' title="bbox 68 1964 815 2059">
     <span class='ocr_line' id='line_1_34' title="bbox 115 1964 815 2011; baseline -0.003 -11"><span class='ocrx_word' id='word_1_232' title='bbox 115 1966 158 2001; x_wconf 79' lang='lat' dir='ltr'><strong>iu</strong></span> <span class='ocrx_word' id='word_1_233' title='bbox 187 1965 374 2011; x_wconf 72' lang='lat' dir='ltr'><strong>manibus]</strong></span> <span class='ocrx_word' id='word_1_234' title='bbox 407 1965 441 1999; x_wconf 93' lang='lat' dir='ltr'><strong>d.</strong></span> <span class='ocrx_word' id='word_1_235' title='bbox 468 1965 503 1999; x_wconf 93' lang='lat' dir='ltr'>h.</span> <span class='ocrx_word' id='word_1_236' title='bbox 537 1964 654 1999; x_wconf 91' lang='lat' dir='ltr'><strong>leicht</strong></span> <span class='ocrx_word' id='word_1_237' title='bbox 686 1976 729 1998; x_wconf 90' lang='lat' dir='ltr'><strong>zu</strong></span> <span class='ocrx_word' id='word_1_238' title='bbox 761 1973 815 1998; x_wconf 92' lang='lat' dir='ltr'><strong>er-</strong></span> 
     </span>
     <span class='ocr_line' id='line_1_35' title="bbox 68 2010 816 2059; baseline -0.001 -12"><span class='ocrx_word' id='word_1_239' title='bbox 68 2012 222 2059; x_wconf 78' lang='lat' dir='ltr'><strong>langen,</strong></span> <span class='ocrx_word' id='word_1_240' title='bbox 257 2011 378 2057; x_wconf 84' lang='lat' dir='ltr'><strong>v6Hig</strong></span> <span class='ocrx_word' id='word_1_241' title='bbox 415 2011 543 2047; x_wconf 86' lang='lat' dir='ltr'><strong>sicher.</strong></span> <span class='ocrx_word' id='word_1_242' title='bbox 606 2010 695 2047; x_wconf 86' lang='lat' dir='ltr'><strong>Sall</strong></span> <span class='ocrx_word' id='word_1_243' title='bbox 736 2011 816 2046; x_wconf 82' lang='lat' dir='ltr'><strong>Cat.</strong></span> 
     </span>
    </p>

    <p class='ocr_par' dir='ltr' id='par_1_15' title="bbox 115 2089 820 2153">
     <span class='ocr_line' id='line_1_36' title="bbox 115 2089 820 2153; baseline -0.006 -10"><span class='ocrx_word' id='word_1_244' title='bbox 115 2087 214 2144; x_wconf 85' lang='grc'>9.1.</span> <span class='ocrx_word' id='word_1_245' title='bbox 240 2106 466 2153; x_wconf 75' lang='lat' dir='ltr'><strong>imminebat]</strong></span> <span class='ocrx_word' id='word_1_246' title='bbox 503 2105 642 2151; x_wconf 85' lang='lat' dir='ltr'><strong>‘neigte</strong></span> <span class='ocrx_word' id='word_1_247' title='bbox 670 2105 750 2141; x_wconf 85' lang='lat' dir='ltr'><strong>sich</strong></span> <span class='ocrx_word' id='word_1_248' title='bbox 776 2117 820 2140; x_wconf 89' lang='lat' dir='ltr'><strong>zu</strong></span> 
     </span>
    </p>

    <p class='ocr_par' dir='ltr' id='par_1_16' title="bbox 68 2153 819 2428">
     <span class='ocr_line' id='line_1_37' title="bbox 99 2153 819 2199; baseline -0.004 -9"><span class='ocrx_word' id='word_1_249' title='bbox 99 2183 107 2190; x_wconf 90' lang='lat'><strong>.</strong></span> <span class='ocrx_word' id='word_1_250' title='bbox 130 2182 137 2189; x_wconf 92' lang='lat'><strong>.</strong></span> <span class='ocrx_word' id='word_1_251' title='bbox 157 2154 252 2198; x_wconf 88' lang='lat' dir='ltr'><strong>hin’,</strong></span> <span class='ocrx_word' id='word_1_252' title='bbox 273 2154 307 2189; x_wconf 85' lang='lat' dir='ltr'><strong>d.</strong></span> <span class='ocrx_word' id='word_1_253' title='bbox 332 2154 368 2189; x_wconf 92' lang='lat' dir='ltr'>h.</span> <span class='ocrx_word' id='word_1_254' title='bbox 391 2155 594 2199; x_wconf 89' lang='lat' dir='ltr'><strong>verlangte.</strong></span> <span class='ocrx_word' id='word_1_255' title='bbox 621 2153 663 2188; x_wconf 90' lang='lat' dir='ltr'><strong>In</strong></span> <span class='ocrx_word' id='word_1_256' title='bbox 678 2153 819 2188; x_wconf 87' lang='lat' dir='ltr'><strong>diesem</strong></span> 
     </span>
     <span class='ocr_line' id='line_1_38' title="bbox 69 2201 819 2238; baseline -0.004 0"><span class='ocrx_word' id='word_1_257' title='bbox 69 2201 182 2238; x_wconf 88' lang='lat' dir='ltr'><strong>Sinne</strong></span> <span class='ocrx_word' id='word_1_258' title='bbox 208 2201 303 2236; x_wconf 89' lang='lat' dir='ltr'><strong>wird</strong></span> <span class='ocrx_word' id='word_1_259' title='bbox 323 2202 492 2236; x_wconf 75' lang='lat' dir='ltr'><strong>immineo</strong></span> <span class='ocrx_word' id='word_1_260' title='bbox 511 2201 583 2236; x_wconf 89' lang='lat' dir='ltr'><strong>mit</strong></span> <span class='ocrx_word' id='word_1_261' title='bbox 601 2201 685 2235; x_wconf 89' lang='lat' dir='ltr'><strong>dem</strong></span> <span class='ocrx_word' id='word_1_262' title='bbox 707 2201 819 2236; x_wconf 88' lang='lat' dir='ltr'><strong>Dativ</strong></span> 
     </span>
     <span class='ocr_line' id='line_1_39' title="bbox 68 2251 818 2294; baseline -0.003 -10"><span class='ocrx_word' id='word_1_263' title='bbox 68 2253 116 2294; x_wconf 81' lang='lat'><strong>(3,</strong></span> <span class='ocrx_word' id='word_1_264' title='bbox 137 2253 193 2293; x_wconf 89' lang='lat'><strong>51,</strong></span> <span class='ocrx_word' id='word_1_265' title='bbox 215 2253 252 2291; x_wconf 74' lang='lat'><strong>9³</strong></span> <span class='ocrx_word' id='word_1_266' title='bbox 278 2252 312 2292; x_wconf 84' lang='lat'><strong>4,</strong></span> <span class='ocrx_word' id='word_1_267' title='bbox 332 2251 389 2292; x_wconf 90' lang='lat'><strong>25,</strong></span> <span class='ocrx_word' id='word_1_268' title='bbox 411 2253 449 2292; x_wconf 72' lang='lat'><strong>93</strong></span> <span class='ocrx_word' id='word_1_269' title='bbox 477 2251 508 2292; x_wconf 89' lang='lat'><strong>8,</strong></span> <span class='ocrx_word' id='word_1_270' title='bbox 523 2252 580 2293; x_wconf 91' lang='lat'><strong>22,</strong></span> <span class='ocrx_word' id='word_1_271' title='bbox 597 2251 657 2291; x_wconf 74' lang='lat'><strong>103</strong></span> <span class='ocrx_word' id='word_1_272' title='bbox 685 2252 741 2292; x_wconf 87' lang='lat'><strong>31,</strong></span> <span class='ocrx_word' id='word_1_273' title='bbox 761 2251 818 2291; x_wconf 91' lang='lat'><strong>47,</strong></span> 
     </span>
     <span class='ocr_line' id='line_1_40' title="bbox 69 2296 818 2341; baseline -0.004 -8"><span class='ocrx_word' id='word_1_274' title='bbox 69 2300 108 2341; x_wconf 73' lang='grc' dir='ltr'><strong>ὃς</strong></span> <span class='ocrx_word' id='word_1_275' title='bbox 134 2300 191 2339; x_wconf 87' lang='lat'><strong>33,</strong></span> <span class='ocrx_word' id='word_1_276' title='bbox 214 2300 269 2339; x_wconf 87' lang='lat'><strong>11,</strong></span> <span class='ocrx_word' id='word_1_277' title='bbox 291 2300 325 2338; x_wconf 88' lang='lat'><strong>7)</strong></span> <span class='ocrx_word' id='word_1_278' title='bbox 364 2296 456 2331; x_wconf 89' lang='lat' dir='ltr'><strong>oder</strong></span> <span class='ocrx_word' id='word_1_279' title='bbox 492 2296 562 2331; x_wconf 87' lang='lat' dir='ltr'><strong>mit</strong></span> <span class='ocrx_word' id='word_1_280' title='bbox 598 2297 640 2330; x_wconf 82' lang='lat' dir='ltr'><strong>iu</strong></span> <span class='ocrx_word' id='word_1_281' title='bbox 677 2306 706 2330; x_wconf 94' lang='lat' dir='ltr'>c.</span> <span class='ocrx_word' id='word_1_282' title='bbox 741 2306 818 2330; x_wconf 88' lang='lat' dir='ltr'><strong>acc.</strong></span> 
     </span>
     <span class='ocr_line' id='line_1_41' title="bbox 68 2344 819 2390; baseline -0.004 -10"><span class='ocrx_word' id='word_1_283' title='bbox 68 2345 140 2390; x_wconf 88' lang='lat'><strong>(23,</strong></span> <span class='ocrx_word' id='word_1_284' title='bbox 163 2348 218 2387; x_wconf 84' lang='lat'><strong>16,</strong></span> <span class='ocrx_word' id='word_1_285' title='bbox 239 2347 278 2386; x_wconf 74' lang='lat'><strong>33</strong></span> <span class='ocrx_word' id='word_1_286' title='bbox 305 2347 360 2387; x_wconf 85' lang='lat'><strong>25,</strong></span> <span class='ocrx_word' id='word_1_287' title='bbox 383 2347 438 2387; x_wconf 89' lang='lat'><strong>20,</strong></span> <span class='ocrx_word' id='word_1_288' title='bbox 460 2346 497 2386; x_wconf 86' lang='lat'><strong>5;</strong></span> <span class='ocrx_word' id='word_1_289' title='bbox 525 2347 582 2387; x_wconf 87' lang='lat'><strong>30,</strong></span> <span class='ocrx_word' id='word_1_290' title='bbox 602 2346 660 2387; x_wconf 92' lang='lat'><strong>28,</strong></span> <span class='ocrx_word' id='word_1_291' title='bbox 681 2344 718 2387; x_wconf 87' lang='lat'><strong>9)</strong></span> <span class='ocrx_word' id='word_1_292' title='bbox 739 2354 819 2378; x_wconf 80' lang='lat' dir='ltr'><strong>ver-</strong></span> 
     </span>
     <span class='ocr_line' id='line_1_42' title="bbox 68 2391 229 2428; baseline -0.012 0"><span class='ocrx_word' id='word_1_293' title='bbox 68 2391 229 2428; x_wconf 84' lang='lat' dir='ltr'><strong>bunden.</strong></span> 
     </span>
    </p>

    <p class='ocr_par' dir='ltr' id='par_1_17' title="bbox 71 2437 820 2530">
     <span class='ocr_line' id='line_1_43' title="bbox 117 2437 820 2484; baseline -0.004 -9"><span class='ocrx_word' id='word_1_294' title='bbox 117 2438 244 2484; x_wconf 80' lang='lat' dir='ltr'><strong>caput]</strong></span> <span class='ocrx_word' id='word_1_295' title='bbox 282 2437 385 2472; x_wconf 88' lang='lat' dir='ltr'><strong>Dazu</strong></span> <span class='ocrx_word' id='word_1_296' title='bbox 424 2441 583 2482; x_wconf 80' lang='lat' dir='ltr'><strong>erg‘anze</strong></span> <span class='ocrx_word' id='word_1_297' title='bbox 624 2448 710 2472; x_wconf 88' lang='lat' dir='ltr'><strong>man</strong></span> <span class='ocrx_word' id='word_1_298' title='bbox 749 2447 820 2472; x_wconf 83' lang='lat' dir='ltr'><strong>esse</strong></span> 
     </span>
     <span class='ocr_line' id='line_1_44' title="bbox 71 2484 627 2530; baseline -0.005 -8"><span class='ocrx_word' id='word_1_299' title='bbox 71 2496 137 2522; x_wconf 75' lang='lat' dir='ltr'><strong>aus</strong></span> <span class='ocrx_word' id='word_1_300' title='bbox 163 2485 248 2520; x_wconf 89' lang='lat' dir='ltr'><strong>dem</strong></span> <span class='ocrx_word' id='word_1_301' title='bbox 273 2484 476 2530; x_wconf 85' lang='lat' dir='ltr'><strong>folgenden</strong></span> <span class='ocrx_word' id='word_1_302' title='bbox 502 2486 627 2528; x_wconf 75' lang='lat' dir='ltr'><strong>fuisse.</strong></span> 
     </span>
    </p>

    <p class='ocr_par' dir='ltr' id='par_1_18' title="bbox 70 2531 821 2767">
     <span class='ocr_line' id='line_1_45' title="bbox 119 2531 819 2578; baseline -0.003 -10"><span class='ocrx_word' id='word_1_303' title='bbox 119 2536 151 2568; x_wconf 81' lang='lat'>2.</span> <span class='ocrx_word' id='word_1_304' title='bbox 190 2532 394 2578; x_wconf 75' lang='lat' dir='ltr'><strong>apparatu]</strong></span> <span class='ocrx_word' id='word_1_305' title='bbox 433 2531 511 2567; x_wconf 87' lang='lat' dir='ltr'><strong>scil.</strong></span> <span class='ocrx_word' id='word_1_306' title='bbox 550 2532 819 2576; x_wconf 74' lang='lat' dir='ltr'><strong>oppuynaudae</strong></span> 
     </span>
     <span class='ocr_line' id='line_1_46' title="bbox 70 2578 819 2625; baseline -0.005 -9"><span class='ocrx_word' id='word_1_307' title='bbox 70 2581 173 2616; x_wconf 76' lang='lat' dir='ltr'><strong>urbis</strong></span> <span class='ocrx_word' id='word_1_308' title='bbox 198 2580 287 2625; x_wconf 89' lang='lat' dir='ltr'><strong>(vgl.</strong></span> <span class='ocrx_word' id='word_1_309' title='bbox 309 2583 342 2621; x_wconf 86' lang='lat'><strong>5,</strong></span> <span class='ocrx_word' id='word_1_310' title='bbox 364 2584 395 2623; x_wconf 86' lang='lat'><strong>5,</strong></span> <span class='ocrx_word' id='word_1_311' title='bbox 417 2584 453 2620; x_wconf 70' lang='lat'><strong>6:</strong></span> <span class='ocrx_word' id='word_1_312' title='bbox 484 2583 540 2622; x_wconf 92' lang='grc'><strong>23,</strong></span> <span class='ocrx_word' id='word_1_313' title='bbox 564 2583 617 2623; x_wconf 89' lang='grc'>16,</span> <span class='ocrx_word' id='word_1_314' title='bbox 642 2581 712 2623; x_wconf 91' lang='grc'>11),</span> <span class='ocrx_word' id='word_1_315' title='bbox 736 2578 819 2613; x_wconf 81' lang='lat' dir='ltr'><strong>‘Be-</strong></span> 
     </span>
     <span class='ocr_line' id='line_1_47' title="bbox 71 2625 819 2673; baseline -0.003 -11"><span class='ocrx_word' id='word_1_316' title='bbox 71 2625 474 2673; x_wconf 75' lang='lat' dir='ltr'><strong>lagemngsmaterial’,</strong></span> <span class='ocrx_word' id='word_1_317' title='bbox 488 2625 719 2661; x_wconf 86' lang='lat' dir='ltr'><strong>namentlich</strong></span> <span class='ocrx_word' id='word_1_318' title='bbox 733 2626 819 2661; x_wconf 81' lang='lat' dir='ltr'><strong>‘Ge-</strong></span> 
     </span>
     <span class='ocr_line' id='line_1_48' title="bbox 71 2673 821 2719; baseline -0.003 -10"><span class='ocrx_word' id='word_1_319' title='bbox 71 2674 235 2710; x_wconf 75' lang='lat' dir='ltr'><strong>sehi‘itze&#39;</strong></span> <span class='ocrx_word' id='word_1_320' title='bbox 277 2675 485 2719; x_wconf 77' lang='lat' dir='ltr'><strong>(tormenta,</strong></span> <span class='ocrx_word' id='word_1_321' title='bbox 523 2673 706 2708; x_wconf 82' lang='lat' dir='ltr'><strong>Ballisten</strong></span> <span class='ocrx_word' id='word_1_322' title='bbox 744 2673 821 2707; x_wconf 89' lang='lat' dir='ltr'><strong>und</strong></span> 
     </span>
     <span class='ocr_line' id='line_1_49' title="bbox 73 2719 816 2767; baseline -0.001 -12"><span class='ocrx_word' id='word_1_323' title='bbox 73 2719 316 2766; x_wconf 76' lang='lat' dir='ltr'><strong>Katapulten)</strong></span> <span class='ocrx_word' id='word_1_324' title='bbox 335 2721 411 2756; x_wconf 88' lang='lat' dir='ltr'><strong>und</strong></span> <span class='ocrx_word' id='word_1_325' title='bbox 433 2720 816 2767; x_wconf 76' lang='lat' dir='ltr'><strong>‘Kriegsmaschinen’</strong></span> 
     </span>
    </p>
   </div>
   <div class='ocr_carea' id='block_1_11' title="bbox 72 2767 820 2858">
    <p class='ocr_par' dir='ltr' id='par_1_19' title="bbox 72 2767 820 2858">
     <span class='ocr_line' id='line_1_50' title="bbox 72 2767 820 2858; baseline -0.001 -55"><span class='ocrx_word' id='word_1_326' title='bbox 72 2767 218 2858; x_wconf 36' lang='grc' dir='ltr'><strong>ᾗῇ)</strong></span> <span class='ocrx_word' id='word_1_327' title='bbox 235 2768 536 2813; x_wconf 87' lang='lat' dir='ltr'><strong>Mauerbrecher,</strong></span> <span class='ocrx_word' id='word_1_328' title='bbox 581 2767 820 2811; x_wconf 83' lang='lat' dir='ltr'><strong>Laufhallen,</strong></span> 
     </span>
    </p>
   </div>
   <div class='ocr_carea' id='block_1_12' title="bbox 73 2842 820 2954">
    <p class='ocr_par' dir='ltr' id='par_1_20' title="bbox 73 2842 820 2954">
     <span class='ocr_line' id='line_1_51' title="bbox 122 2842 820 2907; baseline -0.003 -9"><span class='ocrx_word' id='word_1_329' title='bbox 122 2842 247 2898; x_wconf 72' lang='lat' dir='ltr'><strong>vazid‘a</strong></span> <span class='ocrx_word' id='word_1_330' title='bbox 265 2862 367 2906; x_wconf 73' lang='lat' dir='ltr'><strong>urbs]</strong></span> <span class='ocrx_word' id='word_1_331' title='bbox 395 2861 454 2896; x_wconf 83' lang='lat' dir='ltr'><strong>Sie</strong></span> <span class='ocrx_word' id='word_1_332' title='bbox 474 2861 539 2907; x_wconf 83' lang='lat' dir='ltr'><strong>lag</strong></span> <span class='ocrx_word' id='word_1_333' title='bbox 559 2862 625 2897; x_wconf 80' lang='lat' dir='ltr'><strong>auf</strong></span> <span class='ocrx_word' id='word_1_334' title='bbox 641 2862 744 2896; x_wconf 81' lang='lat' dir='ltr'><strong>einer</strong></span> <span class='ocrx_word' id='word_1_335' title='bbox 763 2861 820 2896; x_wconf 77' lang='lat' dir='ltr'><strong>ins</strong></span> 
     </span>
     <span class='ocr_line' id='line_1_52' title="bbox 73 2907 700 2954; baseline 0.002 -11"><span class='ocrx_word' id='word_1_336' title='bbox 73 2907 176 2944; x_wconf 75' lang='lat' dir='ltr'><strong>Meet</strong></span> <span class='ocrx_word' id='word_1_337' title='bbox 199 2908 516 2954; x_wconf 85' lang='lat' dir='ltr'><strong>vorspringenden</strong></span> <span class='ocrx_word' id='word_1_338' title='bbox 544 2909 700 2944; x_wconf 87' lang='lat' dir='ltr'><strong>Anh6he</strong></span> 
     </span>
    </p>
   </div>
   <div class='ocr_carea' id='block_1_13' title="bbox 891 1534 1646 2953">
    <p class='ocr_par' dir='ltr' id='par_1_21' title="bbox 892 1534 1643 1724">
     <span class='ocr_line' id='line_1_53' title="bbox 941 1534 1643 1582; baseline -0.004 -10"><span class='ocrx_word' id='word_1_339' title='bbox 941 1537 990 1572; x_wconf 82' lang='lat' dir='ltr'><strong>ad</strong></span> <span class='ocrx_word' id='word_1_340' title='bbox 1011 1536 1222 1582; x_wconf 59' lang='lat' dir='ltr'><strong>excercitum]</strong></span> <span class='ocrx_word' id='word_1_341' title='bbox 1245 1536 1306 1571; x_wconf 88' lang='lat' dir='ltr'><strong>bei</strong></span> <span class='ocrx_word' id='word_1_342' title='bbox 1327 1534 1454 1570; x_wconf 88' lang='lat' dir='ltr'><strong>Livius</strong></span> <span class='ocrx_word' id='word_1_343' title='bbox 1477 1535 1533 1570; x_wconf 83' lang='lat' dir='ltr'><strong>oft</strong></span> <span class='ocrx_word' id='word_1_344' title='bbox 1550 1535 1643 1570; x_wconf 87' lang='lat' dir='ltr'><strong>statt</strong></span> 
     </span>
     <span class='ocr_line' id='line_1_54' title="bbox 893 1584 1640 1629; baseline -0.004 -9"><span class='ocrx_word' id='word_1_345' title='bbox 893 1584 994 1629; x_wconf 75' lang='lat' dir='ltr'><strong>apud</strong></span> <span class='ocrx_word' id='word_1_346' title='bbox 1027 1585 1223 1620; x_wconf 61' lang='lat' dir='ltr'><strong>excercitum</strong></span> <span class='ocrx_word' id='word_1_347' title='bbox 1259 1586 1305 1626; x_wconf 86' lang='lat'><strong>(3,</strong></span> <span class='ocrx_word' id='word_1_348' title='bbox 1327 1587 1382 1625; x_wconf 87' lang='grc'>29,</span> <span class='ocrx_word' id='word_1_349' title='bbox 1404 1587 1424 1617; x_wconf 92' lang='lat'><strong>3</strong></span> <span class='ocrx_word' id='word_1_350' title='bbox 1457 1595 1491 1618; x_wconf 92' lang='lat' dir='ltr'>u.</span> <span class='ocrx_word' id='word_1_351' title='bbox 1525 1586 1581 1626; x_wconf 91' lang='lat'><strong>31,</strong></span> <span class='ocrx_word' id='word_1_352' title='bbox 1603 1587 1640 1624; x_wconf 78' lang='lat'><strong>43</strong></span> 
     </span>
     <span class='ocr_line' id='line_1_55' title="bbox 892 1633 1641 1675; baseline -0.001 -9"><span class='ocrx_word' id='word_1_353' title='bbox 892 1635 948 1675; x_wconf 88' lang='grc'>22,</span> <span class='ocrx_word' id='word_1_354' title='bbox 970 1635 1026 1675; x_wconf 83' lang='grc'>34,</span> <span class='ocrx_word' id='word_1_355' title='bbox 1049 1635 1093 1666; x_wconf 94' lang='lat'><strong>10</strong></span> <span class='ocrx_word' id='word_1_356' title='bbox 1119 1643 1151 1665; x_wconf 82' lang='lat' dir='ltr'>u.</span> <span class='ocrx_word' id='word_1_357' title='bbox 1180 1634 1236 1675; x_wconf 87' lang='lat'><strong>40,</strong></span> <span class='ocrx_word' id='word_1_358' title='bbox 1258 1634 1295 1674; x_wconf 72' lang='lat'><strong>63</strong></span> <span class='ocrx_word' id='word_1_359' title='bbox 1322 1634 1379 1674; x_wconf 84' lang='lat'><strong>24,</strong></span> <span class='ocrx_word' id='word_1_360' title='bbox 1401 1634 1486 1674; x_wconf 80' lang='lat'>9‚9;</span> <span class='ocrx_word' id='word_1_361' title='bbox 1513 1633 1571 1673; x_wconf 83' lang='lat'><strong>29,</strong></span> <span class='ocrx_word' id='word_1_362' title='bbox 1585 1634 1641 1674; x_wconf 93' lang='lat'><strong>20,</strong></span> 
     </span>
     <span class='ocr_line' id='line_1_56' title="bbox 893 1677 1533 1724; baseline -0.005 -10"><span class='ocrx_word' id='word_1_363' title='bbox 893 1682 938 1724; x_wconf 90' lang='lat'><strong>8).</strong></span> <span class='ocrx_word' id='word_1_364' title='bbox 967 1678 1051 1724; x_wconf 83' lang='lat' dir='ltr'>Vgl.</span> <span class='ocrx_word' id='word_1_365' title='bbox 1080 1679 1129 1714; x_wconf 83' lang='lat' dir='ltr'><strong>ad</strong></span> <span class='ocrx_word' id='word_1_366' title='bbox 1153 1679 1277 1713; x_wconf 83' lang='lat' dir='ltr'><strong>urbem</strong></span> <span class='ocrx_word' id='word_1_367' title='bbox 1302 1677 1397 1722; x_wconf 84' lang='lat' dir='ltr'><strong>Kap.</strong></span> <span class='ocrx_word' id='word_1_368' title='bbox 1425 1681 1457 1721; x_wconf 88' lang='grc'>6,</span> <span class='ocrx_word' id='word_1_369' title='bbox 1482 1681 1533 1712; x_wconf 90' lang='grc'><strong>13.</strong></span> 
     </span>
    </p>

    <p class='ocr_par' dir='ltr' id='par_1_22' title="bbox 891 1725 1644 2007">
     <span class='ocr_line' id='line_1_57' title="bbox 940 1725 1638 1772; baseline -0.004 -10"><span class='ocrx_word' id='word_1_370' title='bbox 940 1731 973 1761; x_wconf 90' lang='grc'><strong>3.</strong></span> <span class='ocrx_word' id='word_1_371' title='bbox 1000 1726 1118 1772; x_wconf 80' lang='lat' dir='ltr'><strong>cordi]</strong></span> <span class='ocrx_word' id='word_1_372' title='bbox 1152 1726 1254 1761; x_wconf 68' lang='lat' dir='ltr'><strong>cordi</strong></span> <span class='ocrx_word' id='word_1_373' title='bbox 1284 1729 1334 1761; x_wconf 82' lang='lat' dir='ltr'><strong>est</strong></span> <span class='ocrx_word' id='word_1_374' title='bbox 1368 1725 1422 1760; x_wconf 78' lang='lat' dir='ltr'><strong>‘es</strong></span> <span class='ocrx_word' id='word_1_375' title='bbox 1454 1725 1504 1759; x_wconf 86' lang='lat' dir='ltr'><strong>ist</strong></span> <span class='ocrx_word' id='word_1_376' title='bbox 1530 1736 1638 1770; x_wconf 86' lang='lat' dir='ltr'><strong>ange-</strong></span> 
     </span>
     <span class='ocr_line' id='line_1_58' title="bbox 891 1772 1643 1817; baseline -0.003 -9"><span class='ocrx_word' id='word_1_377' title='bbox 891 1773 1021 1817; x_wconf 88' lang='lat' dir='ltr'><strong>nehm,</strong></span> <span class='ocrx_word' id='word_1_378' title='bbox 1061 1773 1274 1809; x_wconf 87' lang='lat' dir='ltr'><strong>erfreulich’</strong></span> <span class='ocrx_word' id='word_1_379' title='bbox 1317 1775 1389 1816; x_wconf 86' lang='lat'><strong>(28,</strong></span> <span class='ocrx_word' id='word_1_380' title='bbox 1416 1776 1473 1816; x_wconf 77' lang='lat'><strong>20,</strong></span> <span class='ocrx_word' id='word_1_381' title='bbox 1502 1773 1549 1817; x_wconf 89' lang='lat'><strong>7),</strong></span> <span class='ocrx_word' id='word_1_382' title='bbox 1588 1772 1643 1807; x_wconf 90' lang='lat' dir='ltr'><strong>oft</strong></span> 
     </span>
     <span class='ocr_line' id='line_1_59' title="bbox 891 1819 1643 1864; baseline -0.003 -9"><span class='ocrx_word' id='word_1_383' title='bbox 891 1821 961 1855; x_wconf 88' lang='lat' dir='ltr'><strong>mit</strong></span> <span class='ocrx_word' id='word_1_384' title='bbox 992 1821 1077 1856; x_wconf 88' lang='lat' dir='ltr'><strong>dem</strong></span> <span class='ocrx_word' id='word_1_385' title='bbox 1109 1819 1194 1856; x_wconf 89' lang='lat' dir='ltr'><strong>Dat.</strong></span> <span class='ocrx_word' id='word_1_386' title='bbox 1222 1820 1280 1855; x_wconf 81' lang='lat' dir='ltr'><strong>dis</strong></span> <span class='ocrx_word' id='word_1_387' title='bbox 1307 1820 1414 1864; x_wconf 80' lang='lat' dir='ltr'><strong>(Kap.</strong></span> <span class='ocrx_word' id='word_1_388' title='bbox 1441 1823 1498 1863; x_wconf 86' lang='lat'><strong>20,</strong></span> <span class='ocrx_word' id='word_1_389' title='bbox 1522 1823 1580 1862; x_wconf 78' lang='lat'><strong>163</strong></span> <span class='ocrx_word' id='word_1_390' title='bbox 1611 1825 1643 1862; x_wconf 89' lang='lat'><strong>1,</strong></span> 
     </span>
     <span class='ocr_line' id='line_1_60' title="bbox 891 1866 1644 1913; baseline -0.004 -10"><span class='ocrx_word' id='word_1_391' title='bbox 891 1872 949 1913; x_wconf 81' lang='lat'><strong>39,</strong></span> <span class='ocrx_word' id='word_1_392' title='bbox 970 1872 1012 1910; x_wconf 85' lang='lat'><strong>4;</strong></span> <span class='ocrx_word' id='word_1_393' title='bbox 1040 1872 1071 1911; x_wconf 87' lang='grc'>9,</span> <span class='ocrx_word' id='word_1_394' title='bbox 1095 1872 1126 1910; x_wconf 94' lang='grc'><strong>1,</strong></span> <span class='ocrx_word' id='word_1_395' title='bbox 1147 1869 1182 1911; x_wconf 84' lang='grc'><strong>4)</strong></span> <span class='ocrx_word' id='word_1_396' title='bbox 1209 1867 1297 1902; x_wconf 91' lang='lat' dir='ltr'><strong>oder</strong></span> <span class='ocrx_word' id='word_1_397' title='bbox 1323 1867 1408 1902; x_wconf 90' lang='lat' dir='ltr'><strong>dem</strong></span> <span class='ocrx_word' id='word_1_398' title='bbox 1428 1866 1513 1902; x_wconf 84' lang='lat' dir='ltr'><strong>Dat.</strong></span> <span class='ocrx_word' id='word_1_399' title='bbox 1541 1867 1644 1901; x_wconf 86' lang='lat' dir='ltr'><strong>einer</strong></span> 
     </span>
     <span class='ocr_line' id='line_1_61' title="bbox 891 1915 1642 1960; baseline -0.003 -10"><span class='ocrx_word' id='word_1_400' title='bbox 891 1915 1031 1950; x_wconf 79' lang='lat' dir='ltr'><strong>Person</strong></span> <span class='ocrx_word' id='word_1_401' title='bbox 1063 1917 1112 1960; x_wconf 87' lang='lat'><strong>(8,</strong></span> <span class='ocrx_word' id='word_1_402' title='bbox 1134 1919 1165 1958; x_wconf 91' lang='lat'><strong>7,</strong></span> <span class='ocrx_word' id='word_1_403' title='bbox 1188 1919 1226 1957; x_wconf 76' lang='lat'><strong>63</strong></span> <span class='ocrx_word' id='word_1_404' title='bbox 1260 1918 1317 1958; x_wconf 79' lang='grc'><strong>28,</strong></span> <span class='ocrx_word' id='word_1_405' title='bbox 1344 1918 1401 1959; x_wconf 86' lang='lat'><strong>50,</strong></span> <span class='ocrx_word' id='word_1_406' title='bbox 1430 1918 1468 1956; x_wconf 70' lang='lat'><strong>43</strong></span> <span class='ocrx_word' id='word_1_407' title='bbox 1501 1917 1558 1958; x_wconf 89' lang='lat'><strong>28,</strong></span> <span class='ocrx_word' id='word_1_408' title='bbox 1587 1916 1642 1957; x_wconf 88' lang='lat'><strong>18,</strong></span> 
     </span>
     <span class='ocr_line' id='line_1_62' title="bbox 892 1965 1183 2007; baseline -0.007 -9"><span class='ocrx_word' id='word_1_409' title='bbox 892 1966 929 2007; x_wconf 74' lang='lat'><strong>53</strong></span> <span class='ocrx_word' id='word_1_410' title='bbox 958 1967 1015 2006; x_wconf 89' lang='lat'><strong>30,</strong></span> <span class='ocrx_word' id='word_1_411' title='bbox 1037 1966 1092 2005; x_wconf 92' lang='lat'><strong>17,</strong></span> <span class='ocrx_word' id='word_1_412' title='bbox 1116 1965 1183 2004; x_wconf 87' lang='lat'><strong>12).</strong></span> 
     </span>
    </p>

    <p class='ocr_par' dir='ltr' id='par_1_23' title="bbox 891 2008 1644 2148">
     <span class='ocr_line' id='line_1_63' title="bbox 940 2008 1643 2064; baseline -0.006 -18"><span class='ocrx_word' id='word_1_413' title='bbox 940 2008 1002 2045; x_wconf 81' lang='grc' dir='ltr'>Νέ</span> <span class='ocrx_word' id='word_1_414' title='bbox 1000 2008 1102 2064; x_wconf 57' lang='lat' dir='ltr'><strong>pm]</strong></span> <span class='ocrx_word' id='word_1_415' title='bbox 1136 2009 1185 2045; x_wconf 87' lang='lat' dir='ltr'><strong>So</strong></span> <span class='ocrx_word' id='word_1_416' title='bbox 1217 2008 1333 2044; x_wconf 84' lang='lat' dir='ltr'><strong>heisst</strong></span> <span class='ocrx_word' id='word_1_417' title='bbox 1357 2008 1454 2044; x_wconf 88' lang='lat' dir='ltr'><strong>auch</strong></span> <span class='ocrx_word' id='word_1_418' title='bbox 1480 2009 1545 2043; x_wconf 88' lang='lat' dir='ltr'><strong>der</strong></span> <span class='ocrx_word' id='word_1_419' title='bbox 1570 2008 1643 2042; x_wconf 91' lang='lat' dir='ltr'><strong>No-</strong></span> 
     </span>
     <span class='ocr_line' id='line_1_64' title="bbox 891 2055 1644 2103; baseline -0.004 -10"><span class='ocrx_word' id='word_1_420' title='bbox 891 2057 1061 2100; x_wconf 84' lang='lat' dir='ltr'><strong>minativ,</strong></span> <span class='ocrx_word' id='word_1_421' title='bbox 1084 2059 1110 2103; x_wconf 84' lang='lat' dir='ltr'><strong>j.</strong></span> <span class='ocrx_word' id='word_1_422' title='bbox 1140 2057 1250 2102; x_wconf 78' lang='lat' dir='ltr'><strong>Nepi,</strong></span> <span class='ocrx_word' id='word_1_423' title='bbox 1281 2056 1343 2091; x_wconf 89' lang='lat' dir='ltr'><strong>bei</strong></span> <span class='ocrx_word' id='word_1_424' title='bbox 1368 2055 1516 2091; x_wconf 84' lang='lat' dir='ltr'><strong>Falerii</strong></span> <span class='ocrx_word' id='word_1_425' title='bbox 1568 2055 1644 2090; x_wconf 82' lang='lat' dir='ltr'><strong>Das</strong></span> 
     </span>
     <span class='ocr_line' id='line_1_65' title="bbox 892 2104 1512 2151; baseline -0.003 -11"><span class='ocrx_word' id='word_1_426' title='bbox 892 2106 963 2151; x_wconf 83' lang='lat' dir='ltr'><strong>Adj</strong></span> <span class='ocrx_word' id='word_1_427' title='bbox 969 2104 1073 2140; x_wconf 87' lang='lat' dir='ltr'><strong>ektiv</strong></span> <span class='ocrx_word' id='word_1_428' title='bbox 1100 2104 1193 2139; x_wconf 90' lang='lat' dir='ltr'><strong>dazu</strong></span> <span class='ocrx_word' id='word_1_429' title='bbox 1219 2104 1270 2139; x_wconf 89' lang='lat' dir='ltr'><strong>ist</strong></span> <span class='ocrx_word' id='word_1_430' title='bbox 1294 2104 1512 2148; x_wconf 62' lang='lat' dir='ltr'><strong>Nepesfuus.</strong></span> 
     </span>
    </p>

    <p class='ocr_par' dir='ltr' id='par_1_24' title="bbox 892 2150 1643 2292">
     <span class='ocr_line' id='line_1_66' title="bbox 941 2150 1643 2198; baseline -0.006 -10"><span class='ocrx_word' id='word_1_431' title='bbox 941 2157 973 2188; x_wconf 83' lang='lat'>4.</span> <span class='ocrx_word' id='word_1_432' title='bbox 994 2152 1178 2198; x_wconf 79' lang='lat' dir='ltr'><strong>opposita]</strong></span> <span class='ocrx_word' id='word_1_433' title='bbox 1200 2150 1260 2187; x_wconf 86' lang='lat' dir='ltr'><strong>Sie</strong></span> <span class='ocrx_word' id='word_1_434' title='bbox 1275 2150 1387 2196; x_wconf 86' lang='lat' dir='ltr'><strong>lagen</strong></span> <span class='ocrx_word' id='word_1_435' title='bbox 1401 2152 1483 2186; x_wconf 89' lang='lat' dir='ltr'><strong>dem</strong></span> <span class='ocrx_word' id='word_1_436' title='bbox 1501 2150 1643 2196; x_wconf 88' lang='lat' dir='ltr'><strong>eigent-</strong></span> 
     </span>
     <span class='ocr_line' id='line_1_67' title="bbox 892 2198 1642 2244; baseline -0.003 -10"><span class='ocrx_word' id='word_1_437' title='bbox 892 2200 1017 2236; x_wconf 85' lang='lat' dir='ltr'><strong>lichen</strong></span> <span class='ocrx_word' id='word_1_438' title='bbox 1043 2200 1217 2234; x_wconf 88' lang='lat' dir='ltr'><strong>Etrurien</strong></span> <span class='ocrx_word' id='word_1_439' title='bbox 1244 2200 1442 2244; x_wconf 86' lang='lat' dir='ltr'><strong>entgegen,</strong></span> <span class='ocrx_word' id='word_1_440' title='bbox 1470 2198 1504 2233; x_wconf 92' lang='lat' dir='ltr'><strong>d.</strong></span> <span class='ocrx_word' id='word_1_441' title='bbox 1525 2198 1560 2234; x_wconf 94' lang='lat' dir='ltr'><strong>h</strong></span> <span class='ocrx_word' id='word_1_442' title='bbox 1583 2209 1642 2232; x_wconf 87' lang='lat' dir='ltr'><strong>am</strong></span> 
     </span>
     <span class='ocr_line' id='line_1_68' title="bbox 893 2245 1392 2292; baseline -0.004 -10"><span class='ocrx_word' id='word_1_443' title='bbox 893 2247 1068 2292; x_wconf 85' lang='lat' dir='ltr'><strong>Eingang</strong></span> <span class='ocrx_word' id='word_1_444' title='bbox 1093 2258 1139 2281; x_wconf 90' lang='lat' dir='ltr'><strong>zu</strong></span> <span class='ocrx_word' id='word_1_445' title='bbox 1164 2245 1392 2281; x_wconf 87' lang='lat' dir='ltr'><strong>demselben.</strong></span> 
     </span>
    </p>

    <p class='ocr_par' dir='ltr' id='par_1_25' title="bbox 892 2291 1646 2577">
     <span class='ocr_line' id='line_1_69' title="bbox 941 2291 1645 2340; baseline -0.006 -10"><span class='ocrx_word' id='word_1_446' title='bbox 941 2295 1118 2340; x_wconf 83' lang='lat' dir='ltr'><strong>claustra]</strong></span> <span class='ocrx_word' id='word_1_447' title='bbox 1159 2294 1233 2329; x_wconf 85' lang='lat' dir='ltr'><strong>‘die</strong></span> <span class='ocrx_word' id='word_1_448' title='bbox 1269 2292 1488 2335; x_wconf 82' lang='lat' dir='ltr'><strong>Schlussel&#39;,</strong></span> <span class='ocrx_word' id='word_1_449' title='bbox 1532 2291 1645 2326; x_wconf 88' lang='lat' dir='ltr'><strong>deren</strong></span> 
     </span>
     <span class='ocr_line' id='line_1_70' title="bbox 892 2340 1646 2384; baseline -0.005 -7"><span class='ocrx_word' id='word_1_450' title='bbox 892 2342 1057 2378; x_wconf 86' lang='lat' dir='ltr'><strong>Besitzer</strong></span> <span class='ocrx_word' id='word_1_451' title='bbox 1082 2342 1154 2376; x_wconf 88' lang='lat' dir='ltr'><strong>den</strong></span> <span class='ocrx_word' id='word_1_452' title='bbox 1173 2340 1380 2376; x_wconf 86' lang='lat' dir='ltr'><strong>Etruskern</strong></span> <span class='ocrx_word' id='word_1_453' title='bbox 1405 2340 1476 2375; x_wconf 89' lang='lat' dir='ltr'><strong>den</strong></span> <span class='ocrx_word' id='word_1_454' title='bbox 1491 2340 1646 2384; x_wconf 84' lang='lat' dir='ltr'><strong>Zugang</strong></span> 
     </span>
     <span class='ocr_line' id='line_1_71' title="bbox 894 2386 1644 2425; baseline -0.005 -1"><span class='ocrx_word' id='word_1_455' title='bbox 894 2401 976 2424; x_wconf 89' lang='lat' dir='ltr'><strong>zum</strong></span> <span class='ocrx_word' id='word_1_456' title='bbox 1019 2388 1230 2425; x_wconf 86' lang='lat' dir='ltr'><strong>r6mischen</strong></span> <span class='ocrx_word' id='word_1_457' title='bbox 1274 2388 1409 2423; x_wconf 88' lang='lat' dir='ltr'><strong>Gebiet</strong></span> <span class='ocrx_word' id='word_1_458' title='bbox 1452 2386 1528 2421; x_wconf 88' lang='lat' dir='ltr'><strong>und</strong></span> <span class='ocrx_word' id='word_1_459' title='bbox 1572 2387 1644 2421; x_wconf 90' lang='lat' dir='ltr'><strong>den</strong></span> 
     </span>
     <span class='ocr_line' id='line_1_72' title="bbox 893 2434 1644 2480; baseline -0.004 -9"><span class='ocrx_word' id='word_1_460' title='bbox 893 2436 1056 2472; x_wconf 90' lang='lat' dir='ltr'><strong>R6mern</strong></span> <span class='ocrx_word' id='word_1_461' title='bbox 1093 2437 1164 2472; x_wconf 90' lang='lat' dir='ltr'><strong>den</strong></span> <span class='ocrx_word' id='word_1_462' title='bbox 1197 2436 1351 2480; x_wconf 85' lang='lat' dir='ltr'><strong>Zugang</strong></span> <span class='ocrx_word' id='word_1_463' title='bbox 1389 2446 1432 2469; x_wconf 86' lang='lat' dir='ltr'><strong>zu</strong></span> <span class='ocrx_word' id='word_1_464' title='bbox 1471 2434 1644 2469; x_wconf 87' lang='lat' dir='ltr'><strong>Etrurien</strong></span> 
     </span>
     <span class='ocr_line' id='line_1_73' title="bbox 892 2481 1642 2577; baseline -0.005 -58"><span class='ocrx_word' id='word_1_465' title='bbox 892 2495 1125 2577; x_wconf 49' lang='lat' dir='ltr'><strong>veregeffren</strong></span> <span class='ocrx_word' id='word_1_466' title='bbox 1119 2483 1210 2565; x_wconf 48' lang='lat' dir='ltr'><strong>odei</strong></span> <span class='ocrx_word' id='word_1_467' title='bbox 1216 2483 1313 2518; x_wconf 85' lang='lat' dir='ltr'><strong>offen</strong></span> <span class='ocrx_word' id='word_1_468' title='bbox 1321 2481 1449 2564; x_wconf 57' lang='lat' dir='ltr'><strong>hauteu</strong></span> <span class='ocrx_word' id='word_1_469' title='bbox 1464 2482 1642 2562; x_wconf 52' lang='lat' dir='ltr'><strong>konnfen.</strong></span> 
     </span>
    </p>

    <p class='ocr_par' dir='ltr' id='par_1_26' title="bbox 894 2532 1643 2614">
     <span class='ocr_line' id='line_1_74' title="bbox 939 2532 1643 2575; baseline -0.007 -9"><span class='ocrx_word' id='word_1_470' title='bbox 939 2543 980 2566; x_wconf 79' lang='lat' dir='ltr'><strong>m</strong></span> <span class='ocrx_word' id='word_1_471' title='bbox 1008 2543 1024 2566; x_wconf 86' lang='lat' dir='ltr'><strong>e</strong></span> <span class='ocrx_word' id='word_1_472' title='bbox 1081 2555 1125 2559; x_wconf 95' lang='lat'><strong>—</strong></span> <span class='ocrx_word' id='word_1_473' title='bbox 1163 2543 1186 2566; x_wconf 86' lang='grc' dir='ltr'>α</span> <span class='ocrx_word' id='word_1_474' title='bbox 1248 2542 1290 2565; x_wconf 86' lang='lat' dir='ltr'><strong>ea</strong></span> <span class='ocrx_word' id='word_1_475' title='bbox 1318 2540 1441 2575; x_wconf 82' lang='lat' dir='ltr'><strong>pare,</strong></span> <span class='ocrx_word' id='word_1_476' title='bbox 1480 2532 1643 2563; x_wconf 74' lang='lat' dir='ltr'><strong>namici</strong></span> 
     </span>
     <span class='ocr_line' id='line_1_75' title="bbox 894 2578 1084 2614; baseline -0.006 0"><span class='ocrx_word' id='word_1_477' title='bbox 894 2578 1084 2614; x_wconf 78' lang='lat' dir='ltr'><strong>Etruriae.</strong></span> 
     </span>
    </p>

    <p class='ocr_par' dir='ltr' id='par_1_27' title="bbox 940 2625 1314 2671">
     <span class='ocr_line' id='line_1_76' title="bbox 940 2625 1314 2671; baseline -0.003 -11"><span class='ocrx_word' id='word_1_478' title='bbox 940 2625 1032 2671; x_wconf 70' lang='lat' dir='ltr'><strong>illes]</strong></span> <span class='ocrx_word' id='word_1_479' title='bbox 1061 2642 1104 2654; x_wconf 90' lang='lat'><strong><em>=</em></strong></span> <span class='ocrx_word' id='word_1_480' title='bbox 1131 2625 1314 2660; x_wconf 77' lang='lat' dir='ltr'><strong>Etruscis.</strong></span> 
     </span>
    </p>

    <p class='ocr_par' dir='ltr' id='par_1_28' title="bbox 893 2669 1644 2802">
     <span class='ocr_line' id='line_1_77' title="bbox 941 2669 1644 2717; baseline -0.006 -10"><span class='ocrx_word' id='word_1_481' title='bbox 941 2672 1170 2717; x_wconf 69' lang='lat' dir='ltr'><strong>molirentur]</strong></span> <span class='ocrx_word' id='word_1_482' title='bbox 1217 2670 1480 2706; x_wconf 75' lang='lat' dir='ltr'><strong>Coniimctivus</strong></span> <span class='ocrx_word' id='word_1_483' title='bbox 1529 2669 1644 2705; x_wconf 88' lang='lat' dir='ltr'><strong>itera—</strong></span> 
     </span>
     <span class='ocr_line' id='line_1_78' title="bbox 893 2716 1643 2765; baseline -0.003 -11"><span class='ocrx_word' id='word_1_484' title='bbox 893 2720 993 2755; x_wconf 86' lang='lat' dir='ltr'><strong>tivus</strong></span> <span class='ocrx_word' id='word_1_485' title='bbox 1020 2718 1108 2765; x_wconf 87' lang='lat' dir='ltr'><strong>(vgl.</strong></span> <span class='ocrx_word' id='word_1_486' title='bbox 1137 2719 1228 2764; x_wconf 87' lang='lat' dir='ltr'><strong>Kap.</strong></span> <span class='ocrx_word' id='word_1_487' title='bbox 1251 2723 1282 2761; x_wconf 90' lang='grc'>8,</span> <span class='ocrx_word' id='word_1_488' title='bbox 1305 2721 1352 2762; x_wconf 89' lang='grc'><strong>6).</strong></span> <span class='ocrx_word' id='word_1_489' title='bbox 1394 2717 1553 2762; x_wconf 86' lang='lat' dir='ltr'><strong>Subjekt</strong></span> <span class='ocrx_word' id='word_1_490' title='bbox 1578 2716 1643 2752; x_wconf 86' lang='lat' dir='ltr'><strong>da-</strong></span> 
     </span>
     <span class='ocr_line' id='line_1_79' title="bbox 893 2767 1126 2802; baseline -0.009 0"><span class='ocrx_word' id='word_1_491' title='bbox 893 2779 936 2802; x_wconf 89' lang='lat' dir='ltr'><strong>zu</strong></span> <span class='ocrx_word' id='word_1_492' title='bbox 962 2767 1012 2802; x_wconf 78' lang='lat' dir='ltr'><strong>iet</strong></span> <span class='ocrx_word' id='word_1_493' title='bbox 1037 2767 1126 2802; x_wconf 86' lang='lat' dir='ltr'><strong>loca.</strong></span> 
     </span>
    </p>

    <p class='ocr_par' dir='ltr' id='par_1_29' title="bbox 893 2810 1644 2953">
     <span class='ocr_line' id='line_1_80' title="bbox 942 2810 1644 2859; baseline -0.004 -11"><span class='ocrx_word' id='word_1_494' title='bbox 942 2818 974 2849; x_wconf 82' lang='lat'>5.</span> <span class='ocrx_word' id='word_1_495' title='bbox 1002 2812 1171 2859; x_wconf 72' lang='lat' dir='ltr'><strong>leyiones]</strong></span> <span class='ocrx_word' id='word_1_496' title='bbox 1194 2811 1484 2848; x_wconf 84' lang='lat' dir='ltr'><strong>Unzweifelhaft</strong></span> <span class='ocrx_word' id='word_1_497' title='bbox 1509 2810 1644 2846; x_wconf 89' lang='lat' dir='ltr'><strong>erhielt</strong></span> 
     </span>
     <span class='ocr_line' id='line_1_81' title="bbox 895 2859 1644 2905; baseline -0.004 -9"><span class='ocrx_word' id='word_1_498' title='bbox 895 2860 1072 2896; x_wconf 79' lang='lat' dir='ltr'><strong>Camillus</strong></span> <span class='ocrx_word' id='word_1_499' title='bbox 1093 2860 1191 2905; x_wconf 83' lang='lat' dir='ltr'><strong>jetzt</strong></span> <span class='ocrx_word' id='word_1_500' title='bbox 1210 2859 1269 2894; x_wconf 87' lang='lat' dir='ltr'><strong>die</strong></span> <span class='ocrx_word' id='word_1_501' title='bbox 1289 2859 1475 2904; x_wconf 82' lang='lat' dir='ltr'><strong>Tmppen,</strong></span> <span class='ocrx_word' id='word_1_502' title='bbox 1502 2859 1644 2894; x_wconf 83' lang='lat' dir='ltr'><strong>welche</strong></span> 
     </span>
     <span class='ocr_line' id='line_1_82' title="bbox 893 2905 1643 2953; baseline -0.003 -11"><span class='ocrx_word' id='word_1_503' title='bbox 893 2908 933 2942; x_wconf 89' lang='lat' dir='ltr'><strong>in</strong></span> <span class='ocrx_word' id='word_1_504' title='bbox 960 2908 1051 2953; x_wconf 79' lang='lat' dir='ltr'><strong>Kap.</strong></span> <span class='ocrx_word' id='word_1_505' title='bbox 1075 2913 1107 2951; x_wconf 87' lang='grc'>6,</span> <span class='ocrx_word' id='word_1_506' title='bbox 1131 2910 1172 2941; x_wconf 92' lang='grc'><strong>13</strong></span> <span class='ocrx_word' id='word_1_507' title='bbox 1212 2908 1296 2943; x_wconf 83' lang='grc'>(18111</span> <span class='ocrx_word' id='word_1_508' title='bbox 1324 2907 1425 2942; x_wconf 85' lang='lat' dir='ltr'><strong>alten</strong></span> <span class='ocrx_word' id='word_1_509' title='bbox 1453 2906 1494 2949; x_wconf 86' lang='lat' dir='ltr'>Q.</span> <span class='ocrx_word' id='word_1_510' title='bbox 1522 2905 1643 2941; x_wconf 87' lang='lat' dir='ltr'><strong>Servi-</strong></span> 
     </span>
    </p>
   </div>
  </div>
 </body>
</html>
