1794 3084
618 67 762 104 LIBER
786 67 866 103 VII.
917 66 1018 103 CAP.
1049 71 1102 102 14.
1574 67 1631 109 35

74 83 100 103 a.
121 77 173 104 Ch.
194 85 222 103 n.
242 78 303 104 358.

69 176 194 218 statis
227 175 434 218 crederet:
481 177 750 219 multitudini
783 177 1041 232 concitatae,
1074 190 1182 231 quae
1213 175 1347 217 ferme
1383 176 1632 218 auctoribus

68 235 222 277 similis
254 238 388 290 esset,
420 251 509 278 non
541 236 807 278 subtraxisse
840 250 884 278 se
917 235 1078 290 ducem,
1109 251 1161 278 ne
1194 235 1289 290 quis
1322 236 1451 290 alius,
1485 236 1633 291 quales

66 297 187 337 mota
215 309 360 337 creare
388 295 619 338 multitudo
647 296 817 348 soleret,
843 295 1081 337 exsisteret.
1125 309 1226 336 nam
1253 309 1297 336 se
1325 295 1496 350 quidem
1523 295 1633 336 nihil

64 368 152 396 non
185 354 366 396 arbitrio
400 355 676 410 imperatoris
709 357 922 408 acturum;
953 354 1016 395 illi
1043 368 1209 409 quoque
1238 357 1380 396 tamen
1405 354 1634 396 videndum

65 427 226 469 magno
261 428 389 469 opere
422 429 527 468 esse,
559 417 608 456 ut
641 414 875 456 exercitum
901 414 946 455 in
979 416 1195 468 potestate
1227 413 1418 455 haberet.
1473 413 1635 455 differri

66 487 154 515 non
186 487 314 527 posse
348 473 454 515 adeo
481 474 720 516 concitatos
749 473 937 528 animos3
966 473 1084 527 ipsos
1112 473 1194 514 sibi
1220 473 1361 515 locum
1388 487 1436 514 ac
1463 476 1634 528 tempus

67 531 288 588 pugnandi
321 535 585 587 sumpturos,
619 532 654 574 si
689 532 741 574 ab
774 533 1036 586 imperatore
1068 546 1154 573 non
1187 532 1321 574 detur.

190 590 305 633 Dum
332 591 438 634 haec
458 592 704 647 loquuntur,
729 592 921 633 iumenta
947 591 1056 633 forte
1084 591 1308 646 pascentia
1334 594 1454 634 extra
1474 591 1635 633 vallum

69 649 196 693 Gallo
236 651 430 707 abigenti
466 651 549 693 duo
589 651 753 692 milites
791 650 978 693 Romani
1017 651 1280 692 ademerunt.
1336 651 1381 692 in
1419 666 1492 693 eos
1532 665 1637 692 saxa

70 710 265 752 coniecta
291 725 316 752 a
343 709 493 764 Gallis,
525 710 675 752 deinde
709 711 761 752 ab
795 710 994 752 Romana
1026 709 1213 751 statione
1246 710 1408 752 clamor
1442 713 1560 752 ortus
1588 724 1637 752 ac

67 784 321 825 procursum
360 770 578 824 utrimque
618 772 695 811 est.
757 770 930 825 iamque
973 769 1088 811 haud
1125 770 1275 824 procul
1318 770 1434 811 iusto
1473 769 1636 823 proelio

67 843 136 871 res
163 832 269 882 erat,
294 829 340 870 ni
365 829 560 871 celeriter
586 829 845 883 diremptum
873 831 1089 871 certamen
1114 844 1189 883 per
1215 829 1486 870 centuriones
1513 832 1637 870 esset.

69 888 298 931 adfirmata
329 892 443 931 certe
476 903 524 930 eo
559 903 660 930 casu
693 888 808 930 Tulli
847 888 959 942 apud
999 888 1254 930 dictatorem
1293 888 1396 930 fides
1436 891 1520 944 est3
1559 902 1637 929 nec

68 948 304 1003 recipiente
336 949 423 990 iam
465 948 718 989 dilationem
755 962 800 989 re
837 948 883 988 in
920 950 1141 1002 posterum
1180 947 1292 989 diem
1330 947 1509 989 edicitur
1548 947 1637 989 acie

63 1010 354 1062 pugnaturos.
417 1007 603 1049 dictator
635 1011 799 1057 tamen,
837 1009 885 1048 ut
918 1007 991 1061 qui
1024 1007 1163 1062 magis
1191 1007 1346 1048 animis
1380 1021 1507 1062 quam
1539 1007 1637 1048 viri-

66 1067 145 1109 bus
172 1066 314 1109 fretus
342 1066 395 1108 ad
423 1069 641 1109 certamen
669 1066 954 1121 descenderet,
987 1067 1130 1108 omnia
1157 1067 1481 1120 circumspicere
1509 1068 1638 1121 atque

67 1126 239 1182 agitare
272 1126 429 1182 coepit,
460 1130 509 1167 ut
541 1128 633 1168 arte
661 1127 804 1180 aliqua
829 1128 1036 1168 terrorem
1062 1125 1262 1168 hostibus
1287 1126 1511 1168 incuteret.
1557 1125 1637 1167 sol-

66 1185 166 1227 lerti
192 1186 337 1227 animo
359 1200 449 1227 rem
469 1200 625 1227 novam
654 1185 883 1240 excogitat,
909 1199 995 1239 qua
1021 1185 1172 1226 deinde
1199 1185 1325 1226 multi
1350 1185 1490 1226 nostri
1509 1186 1638 1239 atque

67 1245 238 1287 externi
277 1245 579 1299 imperatores,
618 1247 770 1287 nostra
808 1258 976 1299 quoque
1011 1244 1185 1300 quidam
1226 1246 1388 1300 aetate,
1425 1244 1492 1286 usi
1525 1246 1638 1286 sunt.

67 1304 196 1346 mulis
227 1306 366 1346 strata
399 1304 568 1346 detrahi
594 1304 726 1359 iubet,
759 1303 959 1359 binisque
985 1306 1155 1345 tantum
1182 1304 1450 1346 centunculis
1475 1302 1637 1345 relictis

69 1376 286 1418 agasones
319 1363 479 1418 partim
513 1363 693 1417 captivis
733 1363 893 1417 partim
927 1377 1154 1418 aegrorum
1189 1363 1318 1405 armis
1352 1365 1529 1406 ornatos
1561 1363 1638 1404 im-

71 1423 206 1478 ponit.
251 1422 320 1464 his
346 1422 436 1464 fere
463 1423 578 1464 mille
606 1423 768 1464 effectis
795 1425 968 1464 centum
996 1423 1202 1465 admiscet
1234 1423 1413 1477 equites,
1445 1425 1487 1464 et
1512 1424 1638 1464 nocte

69 1496 196 1537 super
234 1484 377 1524 castra
415 1482 459 1524 in
498 1486 668 1524 montes
709 1482 886 1524 evadere
926 1496 974 1524 ac
1013 1482 1133 1523 silvis
1179 1497 1223 1524 se
1263 1482 1478 1524 occultare
1520 1482 1639 1523 iubet

69 1555 207 1596 neque
239 1541 338 1583 inde
372 1545 469 1583 ante
502 1556 686 1595 movere,
719 1556 848 1596 quam
876 1542 929 1583 ab
957 1556 1002 1583 se
1030 1542 1273 1596 acceperint
1301 1541 1483 1596 signum.
1533 1541 1638 1596 ipse,

69 1601 144 1642 ubi
170 1600 338 1655 inluxit,
364 1601 409 1642 in
435 1601 652 1643 radicibus
680 1602 891 1642 montium
914 1601 1139 1642 extendere
1161 1601 1295 1642 aciem
1316 1600 1458 1655 coepit
1479 1600 1638 1655 sedulo,

888 1718 1031 1753 tionem.

114 1721 146 1752 3.
167 1718 269 1764 nam]
293 1717 366 1752 Der
386 1716 473 1752 Satz
494 1718 545 1752 iet
564 1717 817 1763 Begrfindung

66 1777 111 1800 zu
135 1776 180 1800 ne
204 1776 240 1800 se
261 1793 267 1799 .
291 1793 297 1800 .
322 1793 328 1799 .
350 1766 516 1800 crederet.

112 1813 266 1858 quoque]
300 1812 334 1847 d.
356 1813 392 1847 h.
423 1812 462 1847 in
487 1812 652 1857 gleicher
677 1811 813 1855 Weise,

65 1859 136 1895 wie
161 1859 303 1894 Tullius
333 1859 412 1894 sich
438 1860 614 1903 bemfihe,
649 1859 708 1894 die
737 1859 815 1894 Sol-

65 1907 180 1989 fiaten
211 1919 297 1942 vom
324 1907 581 1953 Ungehorsam
614 1907 815 1941 zurfickzu-

93 1955 205 1990 alten.

114 2002 250 2049 tamen]
291 2001 519 2046 andeutend,
558 2001 639 2036 dass
671 2000 813 2035 Tullius

7 2051 13 2054 ”
68 2049 182 2085 allein
210 2050 275 2084 das
295 2048 392 2084 Heer
417 2049 521 2084 nicht
539 2049 591 2084 im
612 2048 815 2084 Gehorsam

66 2098 123 2142 (in
148 2098 338 2143 potestate)
364 2109 408 2132 zu
433 2097 602 2132 erhalten
624 2099 814 2140 vermoge.

114 2148 146 2180 4.
172 2145 349 2190 iumenta]
386 2144 560 2189 ‘Pferde‚
593 2143 810 2179 Maultiere’

11 2191 13 2195 ’
66 2192 106 2237 (ἓ
133 2195 185 2236 7).

0 2264 11 2280 ,2
112 2240 291 2285 statione]
331 2239 451 2275 einem
489 2239 703 2285 Vorposten
747 2249 814 2274 vor

8 2285 15 2321 ,⁸
67 2287 150 2322 dem
176 2286 306 2332 Lager.

4 2350 7 2354 >
113 2338 145 2370 5.
166 2335 314 2380 procul]
341 2334 424 2380 Vgl.
449 2333 543 2379 Kap.
565 2338 596 2376 5,
617 2338 649 2369 9.

113 2386 190 2418 erat
210 2382 268 2427 πί]
290 2386 368 2417 erat
387 2385 463 2417 ‘crat
483 2381 543 2416 ein
564 2383 657 2416 statt
671 2381 811 2424 fuisset,

66 2429 152 2465 weil
178 2429 243 2464 der
262 2428 401 2475 Kampf
424 2429 595 2464 wirklich
616 2428 729 2463 sehon
749 2427 811 2463 be-

67 2477 256 2512 vorstand.
320 2476 421 2512 Statt
459 2477 523 2511 des
556 2476 812 2520 Bedingungs-

67 2526 188 2560 satzes
213 2525 385 2560 erwartet
403 2535 489 2559 man
510 2523 617 2558 einen
638 2523 723 2558 Satz
744 2523 813 2558 mit

68 2581 149 2607 cum
182 2572 386 2614 inversum3
429 2571 518 2607 aber
556 2569 682 2605 Livius
720 2569 814 2605 liebt

69 2618 169 2655 diese
190 2619 435 2664 Anwendung
455 2619 519 2654 des
538 2619 580 2653 ni
599 2618 687 2663 (vgl.
703 2622 735 2660 2,
756 2620 812 2661 50,

70 2669 115 2702 10
139 2679 173 2703 u.
201 2670 257 2710 65,
279 2671 317 2709 4;
343 2672 376 2710 3,
398 2670 429 2710 1,
450 2671 471 2701 4
497 2679 531 2702 u.
558 2670 616 2709 43,
639 2671 674 2708 73
701 2668 735 2709 4,
756 2669 812 2708 52,

70 2716 109 2757 53
135 2718 167 2757 5,
187 2718 244 2756 26,
267 2718 324 2757 103
354 2718 386 2757 6,
406 2718 462 2758 21,
485 2718 503 2749 7
532 2715 628 2757 etc).

115 2761 219 2807 fides]
245 2761 532 2806 Versicherung,
560 2763 738 2805 Aussage.

116 2809 322 2855 recipiente]
339 2808 502 2851 ‘zuliess,
517 2808 614 2843 litt’.
642 2812 696 2851 29,
718 2811 776 2851 24,
794 2811 813 2842 7

69 2865 108 2890 re
131 2856 206 2891 iam
231 2867 305 2892 non
329 2857 430 2892 ultra
454 2857 644 2902 recipiente
669 2858 814 2891 cuncta-

1091 1718 1133 1752 In
1171 1717 1356 1762 gleichem
1396 1717 1508 1752 Sinne
1546 1716 1638 1751 wird

890 1764 985 1799 auch
1006 1766 1134 1810 patior
1154 1764 1376 1810 gebraucht;
1406 1765 1480 1809 vgl.
1503 1768 1559 1807 35,
1580 1767 1636 1808 25,

891 1816 933 1846 12
962 1824 1004 1847 ne
1030 1813 1243 1847 dilationem
1268 1823 1324 1847 res
1348 1823 1423 1846 ‘non
1437 1815 1636 1857 pateretur.

938 1864 968 1894 6.
996 1863 1036 1894 ut
1061 1860 1140 1906 qm]
1167 1859 1252 1904 Vgl.
1281 1859 1372 1904 Kap.
1396 1863 1427 1902 5,
1449 1862 1479 1894 9.

936 1907 1181 1953 descenderet]
1232 1906 1496 1942 militarischer
1543 1908 1634 1942 Aus-

889 1953 1006 1989 druek
1033 1966 1116 1990 vom
1136 1955 1309 2000 Auszuge
1330 1965 1394 1989 aus
1416 1954 1499 1988 dem
1521 1953 1638 1989 hoher

887 2001 1093 2046 gelegenen
1121 2002 1242 2047 Lager
1268 2001 1335 2036 auf
1357 2001 1416 2036 ein
1443 2001 1638 2036 Schlacht-

887 2049 963 2084 feld
991 2051 1038 2093 (8,
1059 2053 1090 2092 8,
1115 2054 1150 2092 1;
1191 2053 1222 2093 9,
1246 2052 1300 2092 14,
1324 2053 1360 2091 73
1401 2052 1456 2092 23,
1477 2052 1534 2092 29,
1554 2053 1574 2083 2
1601 2059 1637 2084 u.

888 2096 952 2132 oft.
992 2097 1066 2132 Cic.
1087 2098 1196 2132 Tusc.
1217 2101 1250 2140 2,
1272 2101 1315 2132 62
1345 2098 1409 2142 qui
1433 2098 1474 2131 in
1501 2098 1540 2132 id
1566 2107 1638 2132 cer·

887 2147 1007 2180 tamen
1032 2145 1273 2189 descendant).

935 2192 1068 2237 nostri]
1095 2191 1234 2227 Marius
1258 2192 1318 2227 bei
1338 2191 1466 2237 Aquae
1488 2191 1635 2227 Sextiae

888 2239 1000 2283 (nach
1026 2239 1192 2275 Frontin.
1214 2243 1246 2283 2,
1267 2243 1299 2281 4,
1321 2242 1357 2283 6)
1393 2239 1469 2274 und
1503 2239 1637 2274 Caesar

888 2285 948 2322 bei
975 2286 1161 2332 Gergovia
1196 2288 1306 2331 (nach
1332 2287 1366 2322 b.
1390 2287 1431 2322 G.
1456 2290 1486 2329 7,
1509 2289 1566 2330 45,
1586 2288 1634 2331 2).

934 2338 964 2368 7.
992 2335 1125 2380 strata]
1166 2334 1227 2370 bei
1258 2333 1392 2370 Caesar
1424 2337 1635 2376 stramenta,

886 2381 944 2417 die
957 2380 1184 2426 PacksiitteL
1205 2382 1271 2417 auf
1289 2382 1408 2417 denen
1428 2393 1515 2417 man
1531 2380 1636 2416 nicht

885 2429 1006 2464 reiten
1032 2430 1182 2466 konnte.

933 2478 1173 2523 centunculis]
1208 2476 1423 2512 Deminutiv
1450 2488 1494 2510 zu
1521 2479 1634 2517 cento,

886 2524 1274 2569 zusammengeflickte
1318 2523 1462 2567 Decke,
1521 2523 1634 2557 bunte

887 2570 1136 2606 Satteldecke.

927 2621 959 2653 8.
969 2617 1398 2665 effectis]‘aufgebracht‚
1408 2627 1634 2652 zusammen-

885 2665 1079 2710 gebracht‘
1109 2669 1250 2710 (22,16,
1272 2670 1309 2706 s;
1336 2669 1391 2708 23,
1413 2669 1469 2708 33,
1494 2666 1560 2708 10).

934 2713 1060 2759 neque]
1076 2730 1119 2742 =
1140 2717 1171 2748 ct
1192 2725 1274 2748 non.
1314 2713 1380 2747 Die
1395 2712 1635 2756 Verneinung

887 2761 1020 2804 gehort
1046 2773 1088 2795 zu
1115 2765 1199 2796 ante
1225 2759 1314 2805 (Vgl.
1342 2759 1436 2804 Kap.
1458 2763 1492 2801 9,
1516 2762 1559 2803 1).

936 2811 967 2842 9.
988 2809 1126 2853 scdulo]
1150 2807 1406 2851 ‘absichtlich‚
1426 2806 1632 2852 geflissent—

886 2855 997 2899 lich’,
1024 2855 1317 2890 nachdrt'icklich
1343 2853 1508 2900 gestellt.

1301 2913 1348 2949 3*

1665 1314 1684 1345 7

1664 1432 1684 1463 8

1663 1551 1684 1582 9
