1794 3084
628 79 772 114 LIBER
797 79 875 114 VII.
925 78 1027 114 CAP.
1054 82 1110 114 38.
1592 77 1646 120 83

85 97 110 116 a.
130 90 184 116 ch.
204 97 235 116 n.
255 91 317 118 34³.

86 188 264 232 militari
301 188 394 231 ioco
432 187 546 229 haud
592 188 733 229 minus
772 187 935 229 tribuni
973 187 1138 229 celebre
1181 200 1338 229 nomen
1383 201 1512 241 quam
1551 201 1649 228 con-

86 247 226 290 sulum
261 249 385 289 esset.

205 305 526 362 Campanorum
552 304 701 346 deinde
723 303 1164 359 Suessulanorumque
1192 304 1360 346 auditae
1387 305 1647 359 legatione83
1674 315 1695 345 4

85 366 444 420 precantibusque
477 364 636 417 datum,
669 367 717 404 ut
748 364 1011 419 praesidium
1039 378 1088 405 eo
1116 364 1162 404 in
1187 364 1366 405 hiberna
1392 363 1649 416 mitteretur,

86 439 170 479 quo
204 423 461 466 Samnitium
500 423 770 465 excursiones
811 426 1067 465 arcerentur.
1124 423 1209 464 iam
1241 425 1334 464 tum
1374 423 1548 464 minime
1582 436 1646 463 sa-
1676 432 1695 463 5

86 483 222 525 lubris
255 483 434 525 militari
466 481 717 536 disciplinae
744 480 893 536 Capua
920 482 1206 524 instrumento
1235 482 1424 523 omnium
1455 481 1650 535 volupta-

85 542 195 585 tium
228 541 438 584 delenitos
471 541 659 582 militum
692 540 858 582 animos
892 541 1047 581 avertit
1073 555 1097 581 a
1123 541 1329 582 memoria
1355 541 1538 595 patriae,
1571 540 1650 581 ini-

85 601 329 656 banturque
360 600 540 643 consilia
570 601 614 641 in
645 600 839 641 hibernis
871 599 1021 641 eodem
1054 600 1212 640 scelere
1245 599 1496 641 adimendae
1530 597 1650 640 Cam-

86 660 213 715 panis
241 659 424 715 Capuae,
450 674 525 714 per
546 658 660 714 quod
681 658 747 700 illi
767 673 862 699 eam
889 659 1080 713 antiquis
1109 658 1346 700 cultoribus
1374 658 1651 700 ademissent:

86 733 222 774 neque
247 719 462 761 immerito
485 733 608 760 suum
635 718 829 772 ipsorum
863 718 1104 772 exemplum
1130 718 1174 758 in
1200 732 1272 759 eos
1299 732 1536 760 versurum.
1579 731 1652 759 cur
1679 728 1699 759 6

87 782 230 820 autem
263 779 408 832 potius
436 776 647 832 Campani
673 791 825 832 agrum
852 775 1004 818 Italiae
1030 777 1306 829 uberrimum,
1339 777 1515 831 dignam
1548 789 1652 831 agro

86 838 257 890 urbem,
290 837 361 891 qui
393 851 471 879 nec
505 851 548 878 se
581 851 660 878 nec
693 850 770 877 sua
802 835 936 877 tutari
967 839 1164 890 possent,
1207 850 1335 890 quam
1367 836 1504 877 victor
1538 849 1652 877 exer-

88 897 198 938 citus
230 896 425 949 haberet,
458 896 530 951 qui
559 910 634 937 suo
667 895 821 936 sudore
850 909 897 936 ac
923 895 1132 950 sanguine
1158 895 1257 936 inde
1285 893 1499 936 Samnites
1528 895 1654 948 depu-

88 954 242 997 lisset?
293 970 348 997 an
381 969 564 1009 aequum
597 968 708 1002 esse,
747 953 969 996 dediticios
1010 968 1110 995 suos
1149 954 1224 995 illa
1264 953 1487 995 fertilitate
1527 957 1653 1008 atque
1682 963 1701 994 7

89 1014 348 1056 amoenitate
375 1014 551 1068 perfrui,
578 1027 622 1054 se
650 1013 874 1055 militando
902 1012 1040 1054 fessos
1066 1013 1111 1054 in
1136 1013 1358 1067 pestilenti
1385 1016 1513 1068 atque
1535 1012 1654 1054 arido

88 1073 200 1115 circa
237 1073 388 1114 urbem
430 1073 521 1115 solo
563 1072 720 1113 luctari
759 1075 833 1113 aut
864 1072 910 1112 in
941 1072 1046 1113 urbe
1087 1072 1343 1113 insidentem
1382 1072 1524 1114 labem
1569 1086 1653 1114 cre-

87 1132 246 1174 scentis
273 1132 317 1173 in
344 1131 432 1173 dies
465 1131 652 1173 faenoris
679 1130 801 1186 pati‘?

208 1190 326 1232 Haec
359 1191 529 1246 agitata
561 1190 742 1232 occultis
776 1189 1145 1231 coniurationibus
1183 1190 1366 1231 necdum
1399 1190 1579 1245 vulgata
1610 1189 1655 1230 in
1681 1199 1701 1230 8

90 1264 238 1292 omnes
279 1250 460 1291 consilia
497 1249 661 1291 invenit
699 1263 836 1291 novus
876 1249 1024 1290 consul
1064 1247 1108 1290 C.
1134 1248 1321 1290 Marcius
1354 1248 1546 1301 Rutilus,
1589 1248 1656 1290 cui

91 1307 330 1363 Campania
351 1312 466 1350 sorte
485 1308 707 1363 provincia
728 1310 942 1363 evenerat,
969 1307 1015 1356 Q.
1040 1306 1222 1349 Servilio
1243 1308 1411 1363 collega
1433 1308 1486 1350 ad
1506 1308 1655 1349 urbem

89 1368 253 1410 relicto.
305 1368 451 1422 itaque
484 1382 580 1409 cum
614 1367 759 1408 omnia
786 1381 847 1418 ea,
881 1367 992 1408 sicut
1017 1370 1141 1422 gesta
1168 1370 1310 1419 erant,
1351 1382 1427 1421 per
1458 1367 1656 1409 tribunos
1683 1377 1703 1408 9

91 1429 312 1481 comperta
349 1426 545 1481 haberet,
591 1430 634 1467 et
674 1429 814 1467 aetate
848 1428 890 1467 et
927 1441 1008 1467 usu
1048 1425 1216 1479 doctus,
1261 1426 1420 1480 quippe
1461 1426 1532 1481 qui
1571 1426 1658 1467 iam

91 1489 293 1542 quartum
326 1486 474 1527 consul
513 1489 628 1527 esset
665 1485 936 1539 dictatorque
969 1487 1012 1526 et
1044 1499 1196 1526 censor
1234 1485 1403 1538 fuisset,
1445 1484 1654 1540 optimum

89 1547 210 1586 ratus
231 1545 463 1586 differendo
486 1559 619 1599 spem,
641 1544 996 1599 quandocumque
1015 1543 1186 1598 vellent,
1207 1544 1377 1585 consilii
1399 1543 1659 1598 exsequendi

89 1603 322 1645 militarem
343 1604 552 1658 impetum
573 1603 786 1655 frustrari,
806 1616 1019 1644 rumorem
1044 1603 1227 1655 dissipat
1246 1602 1291 1643 in
1314 1602 1466 1645 iisdem
1488 1602 1657 1658 oppidis

91 1666 133 1704 et
171 1677 283 1704 anno
323 1666 423 1717 post
466 1662 683 1717 praesidia
723 1661 1016 1703 hibernatura.
1075 1661 1212 1702 divisa
1257 1662 1370 1702 enim
1416 1665 1539 1703 erant
1582 1676 1658 1716 per
1686 1672 1729 1704 10

90 1719 352 1776 Campaniae
391 1722 538 1776 urbes,
577 1723 942 1775 manaverantque
984 1735 1007 1762 a
1041 1719 1191 1775 Capua
1236 1721 1417 1763 consilia
1454 1721 1499 1762 in
1541 1735 1657 1762 exer-

90 1781 224 1822 citum
263 1795 445 1822 omnem.
515 1795 564 1822 eo
602 1780 848 1821 laxamento
889 1779 1226 1834 cogitationibus
1272 1779 1373 1821 dato
1410 1781 1573 1834 quievit
1613 1780 1658 1821 in

91 1840 340 1894 praesentia
372 1839 537 1881 seditio.

137 1958 170 1991 4.
197 1955 254 2000 eo]
282 1954 461 1989 zun'achst
485 1954 581 1989 nach
608 1952 736 1998 Capua.
761 1954 837 1988 und

91 2001 278 2042 Suessula,
299 2000 397 2036 dann
419 2001 508 2036 aber
526 2001 622 2036 auch
641 2000 680 2036 in
701 2001 836 2036 andere

91 2048 332 2084 Ortschasten
360 2047 616 2094 Campaniens.

137 2101 169 2131 5.
189 2097 264 2131 iam
283 2096 377 2142 tum]
399 2096 493 2131 noch
514 2096 619 2131 mehr
639 2099 705 2130 127
723 2095 836 2130 Jahre

88 2144 216 2188 sp'ater
235 2142 298 2187 (im
320 2142 468 2178 Winter
488 2146 555 2178 216
576 2143 642 2178 auf
658 2144 753 2187 215),
781 2143 836 2177 als

88 2189 296 2225 Hannibals
333 2190 468 2225 Armee
513 2191 598 2225 dort
634 2190 835 2225 verweich-

89 2236 210 2272 lichte
237 2241 307 2282 (23,
329 2241 385 2280 18,
409 2241 451 2272 10
468 2238 543 2283 fg).

136 2285 391 2330 instrumento]
419 2285 479 2319 die
500 2284 672 2327 Mittel,
694 2283 839 2319 Hilfs-

90 2331 245 2367 mittel
271 2343 336 2375 zu,
363 2333 424 2366 die
450 2331 729 2376 Befriedigung.

136 2378 368 2425 ademissent]
384 2383 452 2413 424
467 2391 499 2414 v.
510 2378 593 2413 Chr.
609 2379 836 2423 Vg1.4,37‚2

89 2435 209 2470 cepere
247 2430 366 2461 autem
400 2427 509 2470 prius
543 2426 632 2461 bello
669 2427 838 2470 satiqatis

89 2472 261 2508 Etruscis
271 2474 312 2508 in
322 2474 522 2508 societatem
532 2473 634 2508 urbis
649 2484 838 2518 myrorum-

90 2530 157 2564 que
182 2521 330 2565 accepti,
360 2521 489 2555 deinde
514 2522 603 2562 festo
629 2521 686 2554 die
710 2531 837 2564 manes

89 2577 211 2602 somno
230 2568 416 2612 epulisque
440 2568 579 2602 incolas
599 2571 728 2602 veteres
752 2568 838 2602 novi

90 2614 208 2649 coloni
232 2618 413 2650 nocturna
438 2615 542 2650 caede
568 2615 700 2649 adorti.

139 2665 170 2696 6.
198 2672 311 2707 neque
335 2662 529 2708 immerito]
556 2661 707 2705 Litotes,
736 2678 780 2690 =
806 2665 839 2697 ct

89 2709 226 2744 merito.

137 2755 259 2802 suum]
285 2754 324 2790 in
350 2755 512 2791 seltener
531 2755 655 2791 Weise
682 2755 747 2791 auf
769 2755 836 2790 das

89 2802 362 2848 nachfolgende
396 2802 534 2848 Objekt
569 2814 624 2838 eos
660 2803 835 2848 bezogen.

138 2861 247 2894 quam
291 2851 405 2886 victor
454 2851 631 2886 exercitus
673 2849 835 2896 haberct]

912 1953 1105 1999 Richtiger
1118 1957 1215 1989 ware
1235 1954 1406 1989 haberent
1426 1953 1478 1999 (in
1494 1953 1658 1988 direkter

910 2001 1011 2036 Rede
1026 2002 1197 2046 habeant>
1212 2013 1319 2046 quam
1338 2003 1452 2036 victor
1468 2002 1655 2036 exercitus.

956 2059 1022 2083 suo
1041 2050 1171 2083 sudore
1192 2060 1234 2083 ac
1253 2048 1448 2094 sanquine]
1465 2047 1655 2083 Allittera-

911 2095 1000 2130 tion.
1047 2095 1130 2141 Vgl.
1153 2100 1184 2139 2,
1199 2099 1256 2139 48,
1277 2099 1297 2130 2
1324 2097 1505 2141 sanquine
1530 2107 1573 2131 ac
1599 2107 1659 2131 su-

910 2143 1013 2185 dore,
1048 2147 1086 2186 6,
1116 2147 1176 2186 17,
1204 2147 1225 2177 4
1253 2144 1403 2188 plenum
1437 2144 1582 2179 sudoris
1616 2154 1660 2178 ac

909 2192 1115 2236 sanquiw‘s.

961 2241 992 2272 7.
1029 2249 1077 2272 an
1110 2249 1265 2282 aequum
1303 2238 1389 2284 esse]
1428 2237 1658 2272 rhetorische

912 2284 1049 2329 Frage,
1090 2285 1184 2320 statt
1216 2285 1280 2320 der
1310 2284 1561 2330 Behauptung
1586 2295 1660 2319 non

913 2343 1065 2377 aequum
1091 2343 1173 2367 esse.

953 2378 1446 2426 pestilenti]hauptsachlich
1457 2390 1582 2423 wegen
1593 2378 1658 2413 der

911 2425 1018 2460 N'ahe
1046 2427 1112 2461 der
1138 2425 1442 2471 pomptinischen
1470 2425 1633 2470 Sfimpfe.

959 2477 991 2508 8.
1019 2473 1057 2508 C.
1085 2474 1270 2520 Marcius]
1298 2473 1381 2519 Vgl.
1409 2474 1500 2518 Kap.
1524 2477 1578 2515 16,
1605 2478 1632 2507 1.

959 2520 1000 2563 Q.
1022 2520 1194 2567 Servilio]
1216 2520 1264 2554 Es
1284 2521 1335 2556 ist
1354 2521 1418 2555 der
1432 2519 1526 2565 Kap.
1541 2523 1598 2563 22,
1614 2523 1657 2554 10

909 2569 1098 2612 genannte
1125 2569 1215 2603 oder
1240 2568 1319 2603 sein
1346 2567 1455 2602 Sohn.

960 2617 992 2651 9.
1042 2615 1236 2661 frustrari]
1294 2614 1563 2657 ‘abzulenken,
1615 2626 1658 2648 zu

911 2661 1096 2706 lahmen',
1141 2662 1265 2697 indem
1305 2663 1356 2696 sie
1401 2661 1558 2703 hofften,
1603 2660 1656 2695 sie

911 2707 1076 2744 konnten
1115 2709 1220 2744 ihren
1257 2708 1348 2743 Plan
1387 2709 1438 2743 im
1476 2708 1658 2743 nachsten

911 2755 1059 2790 Winter
1085 2756 1216 2791 immer
1240 2757 1337 2792 noch
1364 2755 1574 2790 ausfi'i'nren.

958 2814 1056 2837 anno
1070 2804 1169 2849 pose]
1185 2802 1330 2839 Ebenso
1346 2807 1377 2846 2,
1396 2807 1448 2846 16,
1462 2807 1492 2846 7,
1508 2813 1657 2837 =anno

907 2861 1087 2895 proaezmo.
