1794 3084
147 103 202 143 84
701 102 842 137 LIBER
867 102 927 138 VI.
978 102 1078 138 CAP.
1100 106 1157 138 40.
1513 121 1540 140 a.
1555 122 1583 140 u.
1597 121 1624 140 0.
1638 115 1699 142 386.

149 211 286 265 magis
313 211 459 266 iraque
487 225 613 266 quam
641 224 714 264 spe
742 211 794 252 ad
822 211 1149 252 dissuadendum
1176 212 1435 266 processisse
1462 214 1504 253 et
1529 212 1698 255 loeutus

147 270 191 310 in
222 269 333 311 hane
364 269 451 310 fere
486 270 740 310 sententiam
774 283 887 311 esse:

266 327 432 382 ‘Neque
476 342 633 369 novum
678 342 816 382 neque
859 328 1126 382 inopinatum
1164 328 1270 369 mihi
1310 329 1378 382 sit,
1416 328 1614 384 Quirites,
1652 331 1701 384 si,

148 387 260 441 quod
294 401 423 427 unum
458 386 646 427 familiae
678 390 851 428 nostrae
879 400 1046 440 semper
1073 387 1287 428 obiectum
1313 390 1379 428 est
1405 387 1459 428 ab
1486 387 1699 430 seditiosis

147 446 345 497 tribunis,
378 445 418 485 id
451 459 563 486 nune
596 458 674 499 ego
701 459 871 499 quoque
898 445 1082 500 audiam,
1113 444 1316 487 Claudiae
1344 446 1463 499 gergti
1489 445 1574 487 iam
1601 447 1698 488 inde

149 503 200 544 ab
234 503 357 544 initio
389 503 498 544 nihil
525 503 742 557 antiquius
769 505 814 544 in
840 518 884 544 re
910 503 1082 558 publica
1109 507 1279 558 patrum
1307 503 1528 545 maiestate
1554 504 1700 559 fuisse,

150 576 317 615 semper
359 561 498 615 plebis
544 562 778 603 commodis
825 562 1071 603 adversatos
1116 576 1219 603 esse.
1294 577 1473 616 quorum
1517 563 1699 605 alterum

151 634 286 674 neque
317 633 427 674 nego
461 634 596 675 neque
630 620 880 678 infima-2529,
913 634 1005 673 nos,
1036 635 1084 661 ex
1113 634 1194 674 quo
1223 620 1374 661 adsciti
1402 635 1546 662 sumus
1573 621 1702 663 simul

149 679 192 719 in
224 679 442 720 civitatem
475 681 518 719 et
549 682 705 732 patres,
738 679 858 720 enixe
892 693 1064 733 operam
1091 679 1267 732 dedisse,
1298 681 1345 720 ut
1370 693 1445 733 per
1469 693 1547 721 nos
1575 682 1700 722 aucta

149 737 290 791 potius
336 752 463 791 quam
508 738 736 778 imminuta
780 738 982 779 maiestas
1021 752 1166 778 earum
1206 738 1410 792 gentium,
1448 737 1558 779 inter
1596 753 1700 793 quas

150 810 226 837 nos
272 810 363 836 esse
407 796 616 849 voluistis,
661 796 742 837 dici
787 810 882 837 vere
920 799 1077 850 posset.
1143 795 1247 836 illud
1287 796 1466 837 alterum
1510 811 1589 850 pro
1633 811 1701 838 me

148 855 467 908 maioribusque
500 855 605 895 meis
638 855 894 896 contendere
927 855 1076 907 ausim,
1115 853 1315 908 Quirites,
1351 855 1448 908 nisi,
1487 869 1593 909 quae
1625 869 1701 909 pro

148 913 347 954 universa
384 927 429 953 re
466 913 641 966 publica
677 913 798 967 fiant,
837 928 886 954 ea
923 913 1039 966 plebi
1075 914 1295 966 tamquam
1334 912 1463 953 aliam
1494 913 1700 955 incolenti

147 972 297 1012 urbem
331 971 509 1013 adversa
541 972 635 1026 quis
667 975 800 1025 putet,
832 971 940 1013 1111111
977 985 1055 1012 1108
1094 985 1230 1025 neque
1262 971 1454 1024 privatos
1486 986 1624 1026 neque
1655 972 1700 1013 in

147 1030 488 1085 magistratibus,
521 1030 634 1084 quod
666 1030 982 1072 incommodum
1013 1029 1129 1084 plebi
1162 1032 1283 1083 esset,
1322 1029 1500 1071 scientes
1537 1030 1701 1084 fecisse,

147 1103 224 1130 1100
257 1089 390 1130 ullum
417 1088 579 1130 factum
606 1089 818 1130 dictumve
844 1090 1041 1130 nostrum
1069 1090 1218 1129 eontra
1243 1087 1475 1129 utilitatem
1501 1090 1702 1142 vestram,

149 1147 230 1188 etsi
263 1147 471 1202 quaedam
504 1150 652 1189 eontra
679 1148 942 1189 voluntatem
969 1145 1137 1199 fuerint,
1164 1160 1260 1187 vere
1287 1146 1436 1187 referri
1461 1161 1600 1201 posse.
1647 1161 1701 1188 an

150 1205 242 1255 1100,
288 1207 323 1246 81
362 1204 564 1248 Claudiae
609 1206 798 1247 familiae
837 1220 925 1247 non
964 1206 1043 1246 sim
1082 1219 1158 1246 nee
1197 1219 1247 1245 ex
1279 1205 1461 1258 patricio
1495 1205 1702 1260 sanguine

151 1268 283 1318 ortus,
322 1264 394 1305 sed
433 1279 541 1305 unus
585 1264 814 1313 Quiritium
853 1264 1043 1318 quilibet,
1081 1264 1153 1318 qui
1185 1263 1311 1304 modo
1343 1278 1410 1304 me
1442 1263 1607 1306 duobus
1638 1264 1700 1304 in-

151 1324 302 1377 genuis
330 1326 470 1364 ortum
497 1326 539 1363 et
566 1324 707 1364 vivere
733 1323 776 1364 in
804 1323 939 1364 libera
965 1322 1139 1364 civitate
1161 1322 1304 1376 sciam,
1330 1321 1508 1363 reticere
1527 1323 1703 1377 possim,

144 1449 280 1493 tributi,
308 1453 374 1484 362
404 1449 587 1493 Diktator,
614 1453 681 1484 349
709 1450 763 1485 als
790 1450 888 1484 Kon-

145 1496 202 1531 sul
228 1497 434 1540 gestorben.

193 1552 224 1583 3.
250 1549 414 1591 familiae
439 1549 602 1594 nostrae]
624 1566 667 1577 =
688 1553 707 1591 ἓ
729 1553 748 1584 6
777 1549 888 1584 Clan-

145 1596 227 1630 diae
261 1596 442 1638 familiae,
481 1595 558 1631 also
598 1607 778 1640 synonym
821 1596 890 1630 mit

146 1642 324 1678 Claudiae
348 1644 454 1687 qemi.

191 1696 265 1729 iam
296 1696 380 1730 inde
411 1696 456 1730 ab
488 1696 612 1741 initio]
642 1696 785 1740 ‘gleich
818 1707 890 1730 von

145 1742 293 1787 Anfang
306 1742 367 1776 an’
386 1742 435 1785 (1,
457 1746 488 1785 2,
511 1746 548 1783 3;
575 1747 606 1786 5,
628 1746 665 1785 ὃς
692 1747 748 1786 32,
770 1746 799 1777 1.
828 1742 889 1786 26,

192 1842 396 1876 adversatos
421 1842 508 1887 esse]
536 1842 613 1876 8011.
643 1841 827 1877 Claudios.

191 1898 222 1927 4.
256 1895 396 1936 infitias
421 1895 475 1940 eo]
511 1893 587 1928 ‘ich
620 1894 727 1929 stelle
753 1895 790 1928 in
815 1893 887 1929 Ab-

144 1940 260 1983 rede'‚
289 1940 344 1975 oft
370 1941 428 1975 bei
454 1941 618 1983 Plautus,
651 1940 712 1976 nie
745 1941 805 1975 bei
831 1941 888 1976 Ci-

145 1997 227 2021 cero
260 2000 293 2021 u.
327 1987 471 2030 Caesar,
504 1988 641 2023 einmal
673 1988 733 2023 bei
765 1988 890 2032 Nepos

145 2032 288 2078 (Epam.
312 2037 367 2076 10,
387 2037 435 2077 4),
461 2034 663 2069 mehrmals
683 2034 744 2069 bei
763 2034 889 2069 Livius

145 2081 192 2123 (9,
214 2084 245 2122 9,
267 2084 304 2123 43
333 2084 526 2123 10,10,8;
554 2085 609 2124 31,
631 2085 687 2124 31,
710 2083 755 2125 9).

192 2133 325 2167 adsciti
337 2134 477 2178 samias]
494 2133 567 2168 Das
583 2133 805 2168 Geschleeht
827 2134 890 2168 der

146 2178 318 2213 Claudier
344 2178 470 2214 leitete
491 2179 569 2214 sich
596 2181 661 2214 her
680 2191 752 2214 von
767 2180 890 2215 Attius

145 2225 310 2268 Clausus,
336 2226 496 2260 welcher
515 2227 609 2261 nach
624 2227 688 2261 der
706 2226 778 2272 Sag
782 2239 800 2262 e
816 2227 889 2270 (bei

144 2271 220 2306 Liv.
248 2276 280 2314 2,
304 2276 357 2315 16,
379 2274 415 2315 4)
441 2272 490 2306 1111
516 2273 548 2307 J.
571 2276 690 2307 504v.
712 2239 793 2308 Chgr
821 2285 886 2308 aus

145 2318 229 2352 dem
256 2300 499 2353 S'abinerland
527 2320 785 2364 einwanderte,
818 2321 889 2355 den

144 2365 288 2399 Namen
314 2365 456 2410 Appius
474 2365 647 2400 Claudius
674 2367 833 2401 annahm
853 2379 886 2401 u.

145 2415 212 2447 495
239 2423 272 2446 v.
302 2410 384 2446 Chr.
411 2412 551 2447 Konsul
578 2424 663 2448 war.

191 2465 233 2498 in
269 2465 448 2499 civitatem
485 2468 517 2499 et
549 2465 688 2510 patres]
729 2467 883 2500 ersteres

145 2510 260 2545 durch
286 2511 393 2546 einen
417 2510 611 2546 Beschluss
638 2512 701 2547 des
721 2511 889 2546 Gesamt·

144 2556 291 2601 volkes‚
326 2558 496 2593 letzteres
529 2557 643 2592 durch
676 2558 783 2593 einen
814 2558 881 2592 Be-

145 2604 282 2639 schluss
310 2605 374 2639 der
399 2604 584 2640 Patrizier.

191 2657 371 2702 voluistis]
399 2656 458 2691 ein
478 2657 785 2702 demagogischer
797 2659 888 2691 Aus-

146 2702 273 2747 druek,
295 2703 347 2738 als
366 2703 470 2738 h‘atte
492 2703 556 2738 das
577 2715 692 2748 ganze
713 2704 810 2739 Volk
829 2703 888 2737 die

146 2749 354 2784 Aufnahme
390 2750 455 2784 der
487 2749 660 2785 Claudier
691 2753 799 2785 unter
829 2750 889 2784 die

146 2794 323 2830 Patrizier
347 2797 574 2841 gewfinseht.

194 2851 225 2881 5.
263 2849 357 2884 illud
387 2849 555 2894 alteram]
596 2848 648 2883 ‘in
685 2847 889 2884 Rficksicht

962 1449 1029 1483 auf
1050 1449 1115 1483 das
1143 1449 1306 1492 Zweite’,
1333 1449 1444 1483 1101111.
1472 1452 1491 1490 ἓ
1517 1453 1537 1483 3
1570 1459 1704 1493 semper

955 1497 1072 1540 plebis
1098 1497 1287 1530 commodis
1313 1496 1518 1530 adversatos
1542 1506 1623 1530 esse.

1009 1543 1142 1588 ausim]
1181 1542 1456 1577 alterti'imliehe
1493 1541 1601 1576 Form
1640 1542 1704 1577 des

963 1589 1222 1624 Gooziunctivus
1234 1590 1458 1634 potentialis,
1473 1605 1517 1617 =
1537 1589 1703 1632 audeam,

961 1647 1073 1671 ausus
1104 1637 1172 1671 sim
1203 1637 1331 1681 (praef.
1373 1640 1408 1679 13
1447 1640 1479 1679 3,
1511 1639 1567 1679 23,
1595 1639 1631 1679 73
1670 1640 1702 1679 5,

962 1687 993 1726 3,
1017 1687 1079 1725 103
1108 1687 1256 1726 7,13,6
1284 1683 1380 1727 etc).

1007 1730 1097 1775 nisi]
1130 1730 1215 1764 Man
1240 1729 1487 1765 konstruiere:
1524 1729 1599 1764 ‘nisi
1623 1729 1705 1774 quis

961 1787 1021 1820 ea,
1058 1787 1150 1821 quae
1181 1804 1188 1811 .
1211 1803 1217 1810 .
1241 1805 1247 1811 .
1274 1778 1385 1820 fiam,
1417 1776 1517 1820 plebi
1542 1803 1550 1811 .
1573 1803 1581 1811 .
1602 1802 1610 1810 .
1637 1776 1704 1811 ad-

961 1834 1064 1858 versa
1082 1826 1197 1868 putet.

1005 1881 1074 1914 pro
1116 1872 1287 1905 universa
1329 1881 1366 1904 re
1402 1870 1570 1915 publiea]
1609 1868 1703 1904 Dem

961 1916 1107 1952 Redner
1132 1917 1204 1961 gilt
1223 1917 1288 1951 das
1308 1916 1421 1951 Wohl
1441 1916 1506 1951 der
1524 1915 1703 1952 Patrizier

962 1964 1017 1999 als
1037 1964 1103 1998 das
1117 1963 1230 1998 Wohl
1250 1964 1313 1998 des
1333 1965 1525 2008 gesamten
1540 1962 1698 1998 Staates.

962 2011 1029 2045 Die
1056 2012 1177 2045 ersten
1197 2010 1368 2044 claudier
1391 2021 1515 2044 waren
1538 2009 1703 2044 n‘amlich

962 2057 1021 2092 die
1052 2057 1256 2102 heftigsten
1281 2055 1529 2101 Vork'ampfer
1559 2056 1619 2091 fiir
1645 2056 1704 2091 die

963 2104 1309 2138 Sonderinteressen
1335 2104 1401 2137 der
1425 2102 1604 2138 Patrizier
1629 2103 1705 2138 und

962 2150 1021 2185 die
1076 2150 1261 2185 frechsten
1310 2150 1587 2184 Unterdrfioker
1640 2150 1706 2184 der

961 2197 1082 2232 Plebs.
1143 2196 1217 2231 Der
1255 2196 1502 2231 Stammvater
1539 2197 1602 2231 des
1635 2196 1704 2230 Ge-

962 2244 1146 2279 schlechts
1172 2244 1296 2278 111111ὺο
1316 2244 1372 2278 018
1392 2242 1534 2278 Κο118111
1553 2246 1622 2278 495
1641 2243 1701 2278 die
1759 2279 1768 2281 1

962 2290 1098 2325 Rechts
1104 2290 1220 2335 pfiege
1254 2290 1293 2324 in
1325 2289 1599 2325 Schuldsaehen
1635 2289 1704 2324 mit

962 2337 1160 2371 ausserster
1204 2336 1465 2371 Grausamkeit
1500 2336 1615 2371 durch
1653 2337 1702 2382 (2,

961 2386 1085 2427 27,1).
1130 2383 1200 2418 Ε111
1221 2383 1321 2418 Sohn
1347 2383 1540 2418 desselben
1565 2383 1703 2418 wiitete

962 2431 1017 2465 als
1055 2429 1197 2465 Konsul
1229 2433 1295 2465 471
1334 2429 1373 2464 in
1410 2429 1503 2464 Rom
1540 2429 1615 2464 und
1651 2429 1703 2464 im

961 2476 1075 2521 Krieg
1107 2488 1146 2511 so
1172 2487 1293 2522 gegen
1318 2476 1376 2511 die
1401 2476 1524 2520 Plebs,
1555 2475 1637 2510 dass
1663 2486 1702 2511 er

962 2524 1012 2558 im
1038 2523 1238 2568 folgenden
1263 2523 1352 2558 Jahr
1377 2523 1433 2557 als
1447 2521 1704 2567 Angeklagter

961 2570 999 2604 in
1029 2570 1120 2604 Haft
1151 2572 1294 2614 gesetzt
1325 2569 1461 2612 wurde,
1493 2580 1548 2604 wo
1574 2579 1614 2604 er
1638 2579 1703 2604 vor

962 2616 1045 2651 dem
1071 2616 1191 2651 Urteil
1217 2615 1329 2651 starb.
1368 2615 1508 2650 Dessen
1527 2614 1628 2650 Sohn
1652 2615 1704 2650 ist

961 2663 1026 2696 der
1069 2662 1353 2707 gewaltth'atige
1391 2661 1598 2706 Dezemvir,
1638 2662 1703 2696 der

963 2708 1178 2744 Grol'svater
1202 2710 1266 2744 des
1293 2708 1501 2753 Sprechers.

1009 2759 1041 2790 6.
1074 2766 1123 2790 an
1153 2756 1217 2791 hoc
1243 2755 1330 2800 ete.]
1362 2754 1524 2800 Beispiel
1555 2755 1613 2790 fiir
1643 2754 1702 2789 die

961 2801 1218 2847 Behauptung,
1238 2802 1298 2836 die
1312 2800 1502 2837 Vorwt'irfe
1516 2801 1580 2836 der
1592 2801 1701 2836 Plebs

961 2859 1081 2894 gegen
1101 2848 1160 2883 die
1181 2848 1352 2884 Claudier
1377 2848 1476 2884 seien
1494 2849 1702 2893 unbegrtin—
