1794 3084
160 104 217 146 80
686 102 830 137 LIBER
855 100 953 136 VIII.
999 101 1101 136 CAP.
1124 104 1180 136 37.
1431 117 1455 135 a.
1476 118 1504 136 u.
1525 117 1549 136 c.
1568 111 1722 137 ‹iso—432.

160 211 374 253 dictatura
406 211 603 253 abdicare
636 210 783 260 vellet,
821 209 941 251 iussu
973 212 1166 263 patrum,
1205 209 1454 264 priusquam
1487 208 1722 262 abdicaret,

160 271 354 312 consules
389 269 565 321 creavit,
606 267 650 310 C.
684 266 922 322 Sulpicium
960 268 1155 322 Longum
1190 268 1364 321 iterum,
1405 266 1452 316 Q.
1484 265 1729 308 Aemilium.

115 363 132 370 -
161 328 455 371 Cerretanum.
527 327 742 369 Samnites
787 327 945 368 infecta
985 341 1106 381 pace,
1154 327 1255 381 quia
1297 326 1347 367 de
1396 325 1720 368 condicionibus

163 387 479 442 ambigebatur,
511 386 699 427 indutias
733 400 897 428 annuas
932 386 985 427 ab
1018 386 1122 427 urbe
1150 386 1421 426 rettulerunt.
1468 398 1547 425 nec
1573 398 1720 426 earum

161 447 354 501 ipsarum
397 447 547 487 sancta
590 445 694 485 fides
732 445 833 499 fuit3
876 444 998 498 adeo,
1043 446 1275 499 postquam
1319 443 1538 498 Papirium
1582 443 1722 485 abisse

161 505 421 559 magistratu
447 503 693 545 nuntiatum
727 505 804 554 est,
837 504 991 545 arrecti
1025 503 1078 544 ad
1110 503 1359 544 bellandum
1387 502 1519 544 animi
1551 505 1663 542 sunt.

281 562 325 605 C.
353 561 555 616 Sulpicio,
589 562 635 611 Q.
663 561 849 603 Aemilio
870 587 928 591 —
948 561 1124 603 Aulium
1157 561 1330 615 quidam
1357 561 1533 602 annales
1559 559 1723 602 habent

164 646 219 652 —
241 622 489 663 consulibus
511 622 562 662 ad
584 621 868 662 defectionem
891 620 1148 662 Samnitium
1170 621 1358 674 Apulum
1385 634 1544 661 novum
1562 617 1724 660 b'ellum

163 681 356 723 accessit.
418 684 600 735 utroque
640 680 851 721 exercitus
891 680 1026 722 missi.
1089 678 1277 733 Sulpicio
1318 677 1553 733 Samnites,
1591 677 1724 731 Apuli

165 739 350 781 Aemilio
385 742 499 781 sorte
532 741 776 780 evenerunt.
843 742 961 792 sunt,
1004 738 1076 793 qui
1115 752 1203 779 non
1235 738 1341 792 ipsis
1375 737 1528 791 Apulis
1561 736 1724 778 bellum

163 799 360 851 inlatum,
394 799 467 839 sed
495 798 632 839 socios
662 798 751 839 eius
780 798 919 852 gentis
946 798 1130 852 populos
1158 797 1211 838 ab
1239 795 1498 837 Samnitium
1524 795 1569 837 vi
1595 797 1724 849 atque

162 858 331 899 iniuriis
365 856 561 898 defensos
595 856 799 898 scribant.
862 859 1049 897 ceterum
1087 855 1262 896 fortuna
1297 855 1565 908 Samnitium,
1597 854 1667 896 vix
1700 868 1725 895 a

164 931 207 958 se
239 916 344 971 ipsis
378 930 426 957 eo
460 919 650 969 tempore
683 915 1027 969 propulsantium
1059 915 1232 969 bellum,
1263 914 1439 968 propius
1465 915 1514 954 ut
1539 913 1597 955 sit
1622 926 1722 954 vero

161 975 286 1029 facit,
324 989 413 1016 non
447 973 602 1028 Apulis
637 974 690 1015 ab
725 973 991 1015 Samnitibus
1025 988 1145 1015 arma
1177 973 1335 1027 inlata,
1373 971 1447 1014 sed
1480 986 1576 1014 cum
1609 974 1724 1012 utra-

171 1048 251 1088 que
284 1034 409 1074 simul
441 1037 569 1088 gente
603 1033 761 1074 bellum
794 1032 999 1074 Romanis
1032 1032 1176 1073 fuisse.
1238 1045 1316 1072 nec
1352 1033 1499 1072 tamen
1536 1044 1604 1072 res
1636 1029 1726 1071 ulla

167 1092 462 1134 memorabilis
485 1095 598 1144 acta,
626 1105 727 1146 ager
754 1092 923 1145 Apulus
951 1090 1257 1145 Samniumque
1283 1092 1544 1143 evastatum3
1575 1089 1724 1130 hostes

164 1166 241 1193 nec
268 1151 338 1192 hic
363 1166 441 1192 nec
467 1151 556 1192 illic
582 1150 758 1193 inventi.
791 1150 954 1192 Romae
980 1152 1217 1192 nocturnus
1243 1151 1384 1190 terror
1409 1148 1471 1190 ita
1498 1162 1548 1189 ex
1573 1160 1726 1189 somno

163 1210 377 1264 trepidam
414 1213 590 1264 repente
631 1210 851 1251 civitatem
890 1209 1062 1263 excivit,
1106 1211 1154 1249 ut
1186 1207 1451 1262 Capitolium
1489 1209 1617 1261 atque
1650 1220 1727 1247 arx

165 1269 419 1323 moeniaque
459 1271 502 1309 et
539 1271 690 1322 portae
729 1269 857 1321 plena
890 1271 1155 1309 armatorum
1188 1267 1358 1308 fuerint.
1422 1268 1464 1307 et
1499 1279 1595 1307 cum
1628 1279 1726 1306 con-

165 1331 382 1370 cursatum
409 1327 801 1381 conclamatumque
835 1327 889 1367 acl
923 1341 1041 1368 arma
1069 1326 1267 1367 omnibus
1294 1325 1400 1367 locis
1427 1326 1554 1378 esset,
1585 1323 1728 1379 prima

165 1387 257 1428 luce
290 1400 367 1427 nec
401 1389 551 1427 auctor
581 1399 658 1426 nec
692 1400 820 1426 causa
851 1385 1028 1426 terroris
1063 1384 1312 1438 comparuit.

285 1444 450 1486 Eodem
484 1459 597 1486 anno
638 1444 688 1485 de
726 1444 979 1485 Tusculanis
1019 1443 1171 1484 Flavia
1202 1443 1428 1496 rogatione
1462 1441 1612 1496 populi
1642 1440 1727 1482 fuit

165 1504 381 1545 iudicium.
431 1502 487 1545 M.
519 1502 694 1544 Flavius
727 1503 928 1544 tribunus
958 1502 1096 1557 plebis
1129 1501 1230 1542 tulit
1263 1501 1316 1542 ad
1347 1501 1570 1555 populum,
1601 1501 1651 1541 ut
1681 1499 1727 1540 in

167 1563 435 1604 Tusculanos
482 1561 914 1615 animadverteretur,
966 1561 1079 1615 quod
1131 1574 1277 1602 eorum
1322 1573 1402 1613 ope
1446 1573 1494 1600 ac
1545 1558 1725 1600 consilio

167 1621 382 1662 Veliterni
432 1621 792 1675 Privernatesque
843 1620 1003 1675 populo
1055 1619 1251 1661 Romano
1302 1618 1464 1659 bellum
1513 1617 1730 1658 fecissent.

216 1736 416 1782 abdicaret]
446 1736 610 1779 absolut,
647 1735 774 1770 indem
799 1734 917 1770 leicht

169 1795 212 1818 zu
239 1788 418 1827 ergttnmn
444 1783 510 1817 ist:
537 1794 572 1817 se
598 1784 792 1818 dictatura.
830 1782 914 1826 Vgl.

167 1830 207 1876 4,
235 1834 291 1873 34,
319 1835 338 1865 5
368 1831 532 1874 iussoque
560 1831 732 1874 mayistro
758 1830 916 1875 equitum

168 1879 340 1912 abdicare
364 1888 399 1912 se
432 1878 651 1921 mayistratzc
680 1878 757 1921 ipse
788 1877 916 1911 deinde

990 1734 1183 1770 Samniten
1217 1734 1362 1778 geto'tet
1387 1731 1504 1777 (nach
1529 1731 1602 1766 den
1625 1730 1731 1776 kapi-

989 1781 1213 1817 tolinischen
1246 1780 1398 1823 Fasten;
1437 1779 1515 1815 Liv.
1542 1778 1581 1825 9,
1609 1782 1666 1823 23,
1691 1781 1731 1821 5;

988 1829 1095 1864 Diod.
1125 1832 1179 1871 19,
1202 1830 1272 1871 72).

170 1925 372 1968 αὔοῖίσαυίέ,
411 1923 483 1959 Cic.
506 1925 582 1959 nat.
611 1924 644 1958 d.
673 1924 717 1970 2,
744 1927 776 1967 4,
805 1928 847 1958 11
875 1926 916 1958 ut

168 1973 382 2007 abdicarent
408 1972 579 2006 consules.

219 2019 256 2053 C.
284 2018 507 2063 Sulpicium]
534 2017 619 2062 Vgl.
647 2018 740 2062 Kap.
766 2021 820 2061 15,
843 2021 873 2051 1.

219 2069 250 2099 2.
279 2065 383 2111 culco]
412 2064 495 2108 Vgl.
517 2064 609 2108 Kap.
631 2068 663 2106 2,
686 2069 716 2099 7.

219 2113 369 2147 arrecta.
385 2140 391 2146 .
409 2111 525 2157 .smzt]
550 2112 623 2145 ‘die
638 2111 813 2145 Gemi‘iter
827 2122 920 2144 wur-

171 2159 244 2193 den
283 2170 364 2193 zum
408 2158 543 2203 Kriege
587 2158 798 2201 ermutigt’.
850 2158 917 2192 Die

171 2205 301 2239 VVorte
317 2205 512 2247 bedenten‚
540 2204 620 2239 dass
642 2204 702 2238 die
724 2204 918 2239 Samniten

171 2251 310 2287 wieder
336 2252 417 2287 eine
444 2251 632 2286 drohende
653 2251 823 2296 Haltung
843 2251 918 2285 ein-

172 2299 344 2342 nahmen‚
365 2299 506 2333 welche
527 2298 586 2332 die
606 2299 743 2332 Romer
764 2298 816 2332 als
837 2298 918 2332 eine

173 2345 401 2389 Verletzung
428 2345 491 2380 des
523 2344 916 2389 Waffenstillstandes,

175 2393 229 2427 als
255 2392 335 2427 eine
369 2393 518 2435 defectio
545 2393 583 2436 (ξ
604 2392 664 2436 3),
697 2392 917 2426 betrachten

173 2440 340 2475 konnten
367 2439 569 2483 (vg1.Kap.
598 2442 653 2481 39,
678 2440 744 2483 12).

222 2486 326 2531 Kap.
348 2486 412 2531 37,
440 2489 566 2520 3—12.
603 2485 689 2520 Das
715 2486 824 2520 Jahr
849 2489 916 2520 431

176 2534 253 2569 der
280 2534 430 2568 Stadt:
457 2532 596 2576 Krieg
622 2533 666 2566 in
693 2533 919 2567 Samnium

176 2580 433 2624 n.Apulien;
457 2579 527 2614 die
543 2578 741 2624 Rogatio
762 2579 922 2615 Flavia

177 2628 228 2662 de
254 2627 534 2661 Tusculanis.

227 2679 258 2709 3.
286 2673 456 2718 Aulium]
482 2673 570 2708 Dies
596 2673 646 2708 ist
672 2673 736 2707 der
762 2672 921 2717 richtige

177 2720 306 2755 Name.
359 2720 398 2762 Q.
433 2719 562 2754 Aulius
595 2720 814 2754 Cerretanus
848 2731 922 2754 war

179 2772 248 2801 319
264 2780 296 2802 v.
313 2767 395 2802 Chr.
410 2766 547 2801 wieder
567 2767 708 2801 Konsul
731 2767 782 2811 (9,
796 2770 849 2810 15,
863 2768 920 2809 11)

178 2815 253 2848 und
280 2815 406 2849 wurde
433 2816 500 2848 315
529 2814 582 2848 als
603 2814 858 2848 Reiteroberst
883 2812 921 2847 in

179 2861 244 2894 der
271 2860 447 2895 Schlacht
471 2861 531 2895 bei
557 2859 737 2895 Lautulae
757 2872 829 2895 von
850 2859 921 2894 den

1035 1879 1067 1910 4.
1079 1877 1209 1910 socios.
1249 1873 1433 1919 populos]
1445 1873 1583 1908 welche
1592 1875 1612 1905 3
1620 1871 1642 1906 J
1645 1871 1732 1907 ahre

990 1923 1125 1958 vorher
1133 1921 1192 1956 ein
1200 1918 1651 1956 Freundschaftsbfindnis
1663 1918 1733 1953 mit.

991 1970 1085 2004 Rom
1099 1968 1338 2013 geschlossen
1352 1968 1483 2002 hatten
1498 1967 1604 2011 (Kap.
1615 1969 1671 2010 25,
1684 1966 1731 2011 3).

1040 2020 1071 2051 5.
1109 2016 1212 2061 vero]
1257 2015 1409 2059 propius
1446 2024 1528 2049 vero
1575 2017 1642 2055 est,
1694 2024 1733 2048 es

991 2064 1137 2098 kommt
1147 2063 1211 2097 der
1227 2061 1425 2096 Wahrheit
1437 2061 1552 2096 n'aher
1567 2059 1619 2106 (4,
1629 2063 1684 2103 37,
1696 2063 1732 2103 1;

994 2109 1060 2145 Ov.
1075 2109 1175 2145 Fast.
1189 2114 1221 2153 4,
1236 2110 1332 2152 801).
1359 2108 1431 2143 Mit
1451 2108 1534 2142 dem
1554 2082 1734 2159 Adjektiv

986 2158 1141 2202 propior
1160 2156 1356 2191 verbindet
1377 2154 1503 2189 Livius
1524 2154 1594 2188 den
1608 2152 1734 2198 Dativ‚

991 2205 1062 2238 mit
1089 2204 1173 2238 dem
1194 2203 1344 2238 Adverb
1366 2202 1522 2246 propius
1548 2200 1621 2235 den
1645 2200 1731 2237 Ace.

1042 2254 1073 2285 6.
1083 2250 1238 2296 fuerint]
1256 2251 1299 2284 st.
1310 2252 1431 2284 essent.
1446 2249 1500 2293 Vg
1502 2248 1526 2283 l.
1539 2247 1621 2293 Kap
1625 2251 1698 2291 3.6,
1703 2251 1735 2284 7.

1039 2301 1070 2331 8.
1112 2298 1168 2332 M.
1201 2296 1378 2342 Flavius]
1422 2260 1508 2340 Vggl.
1546 2295 1640 2340 Kap.
1679 2298 1736 2337 22,
1780 2289 1794 2291 ’

992 2347 1097 2379 2.-4
1149 2343 1301 2378 Flavius
1334 2354 1410 2378 war
1441 2345 1510 2377 328
1543 2342 1631 2376 oder
1665 2344 1734 2376 327

990 2403 1024 2427 v.
1053 2390 1134 2426 Chr
1161 2390 1416 2426 Volkstribun.
1467 2388 1557 2423 Dafs
1591 2399 1631 2423 er
1654 2387 1736 2422 hier

992 2438 1111 2473 dieses
1143 2437 1232 2472 Amt
1266 2449 1349 2471 zum
1383 2436 1538 2470 zweiten
1570 2434 1648 2469 Mal
1675 2435 1734 2469 be-

991 2484 1126 2529 kleide,
1147 2485 1198 2519 ist
1211 2485 1325 2518 kaum
1345 2483 1608 2518 anzunehmen.
1635 2480 1736 2515 Viel-

991 2532 1097 2567 mehr
1136 2531 1330 2566 enthalten
1368 2530 1467 2565 wohl
1508 2529 1567 2563 die
1603 2526 1735 2562 Worte

995 2579 1111 2614 eodem
1137 2588 1237 2613 anno
1262 2577 1369 2612 einen
1404 2573 1736 2619 chronologischen

995 2626 1143 2660 Irrtum.
1159 2624 1369 2660 Velitraeu.
1379 2622 1597 2658 Privernum
1611 2620 1736 2656 haben

996 2673 1075 2707 sich
1106 2671 1272 2706 n'amlieh
1305 2670 1377 2705 seit
1412 2672 1480 2704 328
1505 2667 1735 2713 vollstandig

994 2719 1104 2763 ruhig
1131 2718 1333 2753 verhalten.

1041 2766 1176 2810 quod.
1193 2762 1398 2808 Qfecaessent]
1424 2761 1529 2796 Nach
1556 2761 1640 2796 dem
1665 2761 1734 2796 La-

993 2811 1220 2856 tinerkriege
1258 2821 1333 2845 war
1372 2808 1571 2843 Tusculum
1609 2807 1735 2852 milde,

994 2859 1160 2894 Velitrae
1205 2859 1292 2892 hart
1333 2855 1536 2891 behandelt
1573 2854 1734 2898 worden,
