1794 3084
66 138 94 158 n.
114 131 182 158 Ciu·⁴
202 139 231 157 n.
252 132 313 157 390.
599 121 745 157 LIBER
771 121 814 157 V.
858 119 960 156 CAP.
988 125 1044 156 52.
1568 122 1624 164 95

65 231 314 286 religiosum
359 230 459 284 fuit,
502 230 602 272 hinc
648 231 739 272 sine
783 230 954 285 piaculo
991 229 1034 271 in
1074 229 1263 272 hostium
1302 230 1452 272 urbem
1493 230 1625 272 Veios

64 289 373 332 transferemus
383 289 404 331 ‘?

185 348 499 403 Recordamini,
531 349 647 404 agite
674 348 787 402 dum,
819 348 1018 403 quotiens
1047 363 1167 390 sacra
1193 349 1497 403 instaurentur,
1526 349 1626 405 quia

67 407 230 463 aliquid
268 421 318 449 ex
356 408 499 463 patrio
538 408 623 449 ritu
664 408 942 463 neglegentia
984 422 1135 449 casuve
1169 408 1515 463 praetermissum
1549 412 1625 450 est.

66 467 195 510 modo
233 481 340 522 quae
379 481 446 508 res
483 471 583 522 post
621 466 863 522 prodigium
898 467 1056 514 Albani
1096 468 1211 509 lacus
1251 468 1333 509 nisi
1369 468 1625 510 instauratio

66 541 284 569 sacrorum
324 526 698 582 auspiciorumque
731 526 954 567 renovatio
988 525 1177 568 adfectae
1211 526 1383 568 Veienti
1416 527 1530 569 bello
1563 527 1626 568 rei

64 585 262 641 publicae
287 585 475 627 remedio
502 585 614 626 fuit?
659 590 703 626 at
729 585 871 638 etiam,
902 588 1123 640 tamquam
1150 588 1340 627 veterum
1367 587 1625 643 religionum

65 659 289 696 memores,
324 647 367 687 et
398 644 647 699 peregrinos
681 644 781 686 deos
814 644 1118 686 transtulimus
1153 644 1333 686 Romam
1367 649 1408 687 et
1441 646 1627 688 institui-

65 719 160 746 mus
199 719 348 748 nOVOS.
411 703 519 746 Iuno
551 703 717 759 Regina
757 707 1002 745 transvecta
1040 719 1064 745 a
1096 703 1199 745 Veis
1238 719 1374 759 nuper
1411 706 1454 747 in
1488 706 1626 747 Aven-

65 764 158 806 tino
199 778 327 819 quam
365 763 526 819 insigni
566 763 620 804 ob
659 763 870 804 excellens
903 766 1198 805 matronarum
1233 763 1419 806 studium
1454 765 1626 807 celebri·

66 837 146 878 que
179 823 373 865 dedicata
406 826 471 864 est
503 822 598 864 die?
641 822 724 864 Aio
751 821 930 864 Locutio
957 823 1166 876 templum
1193 827 1370 878 propter
1396 825 1625 866 caelestem

66 897 215 924 vocem
243 882 487 924 exauditam
513 882 558 923 in
584 880 711 923 Nova
736 882 806 923 via
831 882 1034 923 iussimus
1062 882 1171 935 fieri3
1205 880 1474 937 Capitolinos
1502 883 1626 926 ludos

66 941 345 984 sollemnibus
373 941 469 983 aliis
497 941 751 995 addidimus,
777 941 1093 996 collegiumque
1122 941 1175 983 ad
1199 941 1242 983 id
1269 957 1426 984 novum
1454 947 1626 985 auctore

66 1003 219 1043 senatu
251 1000 531 1043 condidimus.
583 1000 682 1056 quid
714 999 868 1042 horum
903 1015 1009 1056 opus
1042 1000 1125 1042 fuit
1151 1001 1323 1058 suscipi,
1357 1002 1393 1044 si
1419 1017 1504 1044 una
1531 1018 1626 1044 cum

66 1059 204 1103 Gallis
249 1061 399 1102 urbem
445 1059 685 1102 Romanam
732 1059 921 1101 relicturi
967 1059 1143 1113 fuimus,
1195 1060 1231 1102 si
1272 1075 1360 1102 non
1403 1062 1626 1104 voluntate

65 1120 302 1162 mansimus
329 1120 373 1161 in
401 1118 615 1173 Capitolio
642 1134 718 1173 per
742 1123 808 1160 tot
836 1134 1003 1160 menses
1031 1119 1280 1174 obsidionis,
1311 1120 1384 1162 sed
1413 1121 1465 1162 ab
1492 1121 1625 1163 hosti-

64 1179 145 1221 bus
178 1181 293 1221 metu
325 1180 483 1220 retenti
514 1178 690 1219 sumus?

186 1237 249 1280 De
284 1239 417 1279 sacris
451 1237 666 1292 loquimur
699 1241 740 1278 et
774 1237 823 1278 de
856 1237 1046 1292 templis3
1081 1238 1181 1292 quid
1208 1238 1383 1280 tandem
1411 1238 1460 1279 de
1489 1254 1625 1281 sacer-

66 1297 271 1339 dotibus?
316 1312 458 1339 nonne
490 1298 534 1337 in
568 1300 755 1338 mentem
790 1298 920 1350 venit,
953 1300 1161 1351 quantum
1192 1298 1352 1352 piaculi
1385 1299 1626 1340 committa-

63 1357 166 1398 tur?
221 1355 471 1398 Vestalibus
510 1370 662 1410 nempe
701 1371 786 1397 una
826 1356 900 1397 illa
940 1356 1062 1398 sedes
1095 1359 1178 1410 est,
1216 1371 1266 1398 ex
1300 1372 1384 1412 qua
1417 1372 1486 1399 eas
1519 1358 1627 1399 nihil

64 1430 271 1471 umquam
301 1419 600 1471 praeterquam
633 1416 735 1457 urbs
770 1419 896 1470 capta
929 1416 1075 1457 movit.
1126 1416 1289 1458 flamini
1315 1416 1429 1458 Diali
1455 1421 1626 1459 noctem

63 1489 195 1517 unam
228 1490 402 1517 manere
435 1479 556 1516 extra
587 1475 735 1516 urbem
768 1476 890 1516 nefas
918 1479 992 1516 est.
1044 1475 1123 1516 hos
1149 1474 1343 1518 Veientis
1368 1491 1446 1531 pro
1472 1477 1626 1518 Roma-

63 1534 132 1576 nis
177 1534 332 1577 facturi
377 1535 479 1577 estis
524 1533 797 1576 sacerdotes?
865 1537 907 1576 et
951 1533 1148 1576 Vestales
1192 1538 1290 1577 tuae
1333 1538 1375 1576 te
1420 1536 1627 1590 deserent,

62 1592 212 1648 Vesta,
245 1601 287 1636 et
317 1594 473 1635 flamen
504 1608 681 1649 peregre
714 1593 953 1635 habitando
986 1595 1032 1635 in
1066 1594 1256 1649 singulas
1282 1599 1431 1637 noctes
1457 1599 1626 1637 tant-um

63 1653 149 1696 sibi
180 1655 325 1708 reique
358 1654 556 1707 publicae
589 1654 748 1709 piaculi
781 1653 1039 1695 contrahet?

879 1797 955 1828 tum
990 1795 1108 1838 poscit
1146 1795 1355 1838 Apollinem
1393 1795 1520 1830 vates?
1559 1795 1624 1830 Ov.

879 1841 906 1875 F
910 1845 978 1876 ast.
1007 1845 1038 1882 6,
1060 1845 1139 1876 637.

929 1893 982 1922 11.
1011 1889 1059 1923 cul
1084 1888 1140 1934 id]
1177 1889 1241 1924 ‘zu
1269 1889 1406 1924 diesem
1434 1890 1625 1934 Zwecke’,

63 1793 246 1828 zwischen
271 1793 365 1828 Rom
397 1806 430 1828 u.
457 1792 654 1828 Lavinium
680 1793 803 1828 nichts

63 1840 237 1876 bekannt.
265 1842 369 1876 Auch
385 1840 480 1876 nach
494 1841 558 1876 der
571 1840 805 1886 Ermordung

63 1888 128 1922 des
148 1887 253 1923 Titus
268 1889 398 1924 Tatius
419 1889 543 1923 wurde
559 1891 623 1923 das
636 1888 803 1923 Btindnis

63 1936 159 1971 ohne
173 1937 279 1971 einen
293 1935 435 1981 Kampf
445 1939 615 1971 erneuert
629 1938 675 1980 (1,
687 1940 742 1979 14,
755 1939 803 1973 3.)

110 1983 317 2028 religiosum
341 1983 431 2030 fuit]
460 1983 542 2028 Vgl.
573 1983 665 2028 Kap.
696 1988 749 2026 13,
771 1987 802 2018 8.

111 2033 143 2065 9.
168 2031 441 2077 instaurentur]
467 2030 552 2076 Vgl.
573 2031 803 2076 Kap.16,11.

110 2078 230 2124 modo]
259 2078 375 2114 ‘noch
398 2079 564 2124 jiingst',
592 2080 661 2113 mit
682 2078 804 2113 Nach-

63 2125 181 2160 druck
206 2126 486 2171 vorangestellt.
525 2130 581 2168 22,
605 2130 659 2170 14,
684 2130 738 2161 13.

110 2174 358 2218 auspiciorum
376 2174 578 2219 renovatio]
606 2173 688 2219 Vgl.
708 2173 803 2218 Kap.

113 2271 167 2302 10.
213 2272 252 2303 at
288 2269 411 2314 etiam]
459 2269 566 2303 einen
611 2267 803 2303 starkeren

63 2315 190 2350 Grund
217 2315 454 2351 einfiihrend:
492 2316 545 2350 als
574 2315 620 2350 ob
648 2317 715 2349 wir
741 2315 800 2350 die

62 2363 165 2398 alten
193 2362 469 2399 Gottesdienste
502 2363 631 2398 weiter
656 2375 698 2398 zu
724 2363 804 2397 ftih-

63 2421 128 2445 ren
155 2410 378 2456 gedachten,
405 2411 527 2446 haben
552 2411 618 2445 wir
638 2421 747 2455 sogar
766 2410 803 2445 in

62 2457 195 2492 letzter
214 2458 296 2493 Zeit
314 2458 372 2493 die
394 2457 484 2493 Zahl
503 2469 654 2493 unserer
674 2457 806 2492 Gotter

62 2505 159 2540 noch
184 2505 381 2541 vermehrt.

111 2553 212 2588 Iwno
239 2581 246 2587 .
275 2581 281 2587 .
309 2579 316 2587 .
343 2554 511 2588 dedicata
537 2553 602 2598 est]
639 2553 723 2587 Man
751 2564 804 2586 er-

62 2602 196 2635 wartet
226 2601 281 2636 als
315 2599 474 2646 Subjekt
505 2602 607 2636 aedes
634 2601 804 2642 Iunonis,

64 2647 133 2682 wie
159 2648 251 2692 Kap.
279 2652 335 2691 31,
363 2653 401 2690 33
440 2648 535 2682 doch
569 2648 715 2682 scheiut
741 2650 806 2681 der

65 2693 261 2730 Ausdruek
287 2695 512 2741 berechtigt,
543 2695 626 2730 weil
654 2694 715 2729 bei
741 2694 806 2728 der

64 2739 367 2777 Herubernahme
410 2743 449 2777 in
487 2743 559 2777 den
597 2741 805 2777 romischen

63 2786 155 2823 Kult
201 2789 300 2824 wohl
344 2790 438 2825 auch
482 2791 548 2825 das
593 2788 805 2825 Gotterbild

65 2834 420 2882 einerEinweihung
430 2838 655 2882 unterzogen
664 2835 790 2870 wurde
798 2863 805 2869 .

67 2880 150 2926 Vgl.
177 2883 264 2919 Hor.
291 2895 400 2920 earm.
429 2890 458 2929 1,
480 2889 520 2919 31
549 2885 637 2929 quid
663 2885 806 2919 dedicu-

73 2933 88 2950 O

879 1952 924 1964 =
945 1937 994 1970 ad
1019 1948 1093 1971 eam
1122 1948 1192 1971 rem
1219 1937 1312 1982 Kap.
1342 1941 1397 1980 50,
1418 1941 1451 1972 4.

929 1987 983 2017 12.
1002 1995 1068 2028 per
1088 1987 1136 2019 tot
1157 1984 1306 2030 menses]
1331 1984 1428 2019 nach
1447 1984 1625 2029 Polybius

878 2034 910 2073 2,
932 2034 988 2074 22,
1009 2035 1029 2065 5
1059 2028 1151 2066 ἔπτὰ
1180 2031 1317 2076 μῆναςς
1343 2033 1438 2067 nach
1459 2033 1525 2067 der
1545 2033 1624 2068 Per.

877 2078 957 2113 Liv.
983 2079 1088 2113 sechs
1114 2078 1276 2114 Monate.
1392 2117 1410 2124 ..

929 2130 982 2161 13.
997 2126 1163 2161 desae-ris
1173 2127 1370 2172 loquimur]
1386 2126 1624 2172 Ubergangs-

878 2172 1011 2208 formel
1050 2172 1134 2217 (wie
1162 2173 1254 2219 Kap.
1284 2179 1315 2217 5,
1343 2178 1378 2218 8)
1419 2187 1462 2209 zu
1503 2175 1624 2210 einem

878 2231 996 2256 neuen
1024 2221 1186 2256 Punkte:
1214 2221 1274 2257 die
1301 2222 1464 2257 Priester
1491 2222 1623 2257 di‘irfen

878 2267 984 2303 nicht
1018 2268 1230 2304 ausserhalb
1263 2270 1377 2304 Roms
1411 2269 1623 2304 verweilen.

926 2316 968 2350 de
992 2317 1252 2362 sacerdotibus}
1281 2316 1392 2352 niiml.
1419 2317 1567 2352 dicam?

925 2364 1068 2407 flamini
1083 2364 1205 2409 Diali]
1228 2363 1312 2409 Vgl.
1328 2377 1370 2399 zu
1385 2364 1477 2409 Kap.
1492 2368 1547 2407 39,
1562 2369 1621 2406 11;

880 2409 974 2445 Gell.
990 2415 1042 2454 10,
1059 2415 1111 2446 15.
1139 2410 1224 2446 Erst
1238 2412 1428 2456 Augustus
1449 2412 1622 2447 milderte

879 2458 937 2492 (lie
953 2457 1257 2503 Bestimmungen
1277 2460 1369 2494 fiber
1383 2460 1454 2494 den
1470 2458 1622 2494 Flamen

880 2505 1013 2547 Dialis;
1042 2517 1080 2540 er
1106 2507 1320 2550 gestattete,
1347 2506 1427 2541 dass
1454 2507 1620 2542 derselbe

879 2552 1053 2588 wahrend
1087 2554 1187 2587 eines
1220 2554 1447 2588 Binoctiums
1480 2554 1619 2588 ausser-

878 2599 967 2634 halb
988 2600 1052 2634 der
1072 2599 1181 2635 Stadt
1201 2601 1381 2643 verweile,
1402 2600 1462 2635 bei
1477 2600 1618 2635 Kriink-

879 2647 1037 2682 lichkeit
1051 2647 1143 2681 auch
1160 2648 1396 2692 langerffac.
1407 2649 1500 2682 Anu.
1511 2651 1618 2692 3,71.)

930 2699 981 2728 14.
1010 2694 1210 2740 contrahet]
1243 2694 1299 2728 Da
1331 2706 1370 2729 er
1401 2695 1459 2729 oin
1487 2696 1616 2730 offent-

879 2742 993 2776 liches
1020 2741 1108 2775 Amt
1140 2742 1244 2776 hatte
1271 2744 1305 2785 (ξ
1332 2745 1385 2785 4),
1418 2752 1456 2777 so
1484 2742 1618 2778 musste

879 2789 959 2823 eine
1000 2789 1220 2834 Verletzung
1263 2790 1383 2824 seiner
1420 2789 1619 2835 religiosen

879 2836 1061 2870 Pflichten
1087 2836 1191 2871 nicht
1210 2836 1287 2871 ihm
1308 2835 1434 2879 allein,
1461 2837 1618 2873 sondern

879 2883 971 2918 auch
1000 2883 1081 2918 dem
1110 2882 1238 2919 Staate
1265 2896 1327 2918 zur
1353 2883 1444 2919 Last
1467 2883 1592 2920 fallen.

1655 596 1696 627 10

1653 833 1696 864 11

1655 1011 1697 1042 12

1654 1249 1696 1280 13

1654 1545 1697 1577 14
