1794 3084
103 334 122 365 7

103 618 120 627 ...ι

100 631 126 659 Ο

99 745 118 776 2

97 922 117 953 3

148 93 203 136 18
668 91 812 126 LIBER
836 91 916 126 VII.
961 90 1060 127 CAP.
1088 95 1120 126 4.
1148 95 1180 126 5.

1497 108 1525 127 a.
1545 109 1577 127 u.
1597 108 1622 128 c.
1641 101 1706 128 392.

146 203 191 245 in
224 216 273 244 eo
305 201 483 243 humani
515 202 645 253 esset,
684 214 739 241 an
772 198 1074 254 castigandum
1107 213 1155 240 ac
1187 199 1414 241 vexatione
1444 199 1614 254 insigne
1645 199 1707 241 fa-

147 262 344 304 ciendum
382 259 542 301 fuisse?
598 272 650 300 ne
695 260 837 300 mutas
882 257 1054 312 quidem
1106 257 1267 299 bestias
1311 258 1454 299 minus
1499 258 1614 300 alere
1659 272 1708 300 ac

150 322 306 373 fovere,
341 320 377 361 si
405 318 505 373 quid
539 332 589 359 ex
621 317 825 372 progenie
859 330 935 358 sua
966 331 1118 370 parum
1149 330 1401 370 prosperum
1433 315 1507 372 sit3
1539 318 1584 358 at
1614 315 1709 358 her-

148 381 239 422 cule
272 380 320 421 L.
346 378 556 419 Manlium
582 376 742 418 malum
768 375 881 416 malo
909 388 1066 430 augere
1099 375 1177 415 filii
1204 377 1246 416 et
1269 375 1520 417 tarditatem
1545 374 1709 430 ingenii

147 440 321 493 insuper
352 450 546 491 premere
579 438 640 486 et,
679 435 715 476 si
755 433 855 488 quid
893 434 937 474 in
976 448 1024 475 eo
1064 434 1265 489 exiguum
1301 433 1515 476 naturalis
1546 433 1709 489 vigoris

148 499 223 552 sit,
261 497 306 538 id
338 496 611 550 exstinguere
642 494 732 535 vita
764 493 925 548 agresti
959 495 1002 534 et
1032 493 1194 534 rustico
1234 493 1351 534 cultu
1381 492 1492 534 inter
1523 492 1708 548 pecudes

146 556 356 598 habendo.

267 614 471 657 Omnium
503 612 647 667 potius
684 611 752 653 his
793 610 1162 652 criminationibus
1204 625 1332 664 quam
1370 609 1506 664 ipsius
1543 609 1708 651 iuvenis

147 674 343 716 irritatus
377 676 442 714 est
475 672 661 725 animus3
701 670 804 724 quin
837 672 1005 722 contra,
1045 684 1089 710 se
1131 683 1301 723 quoque
1333 668 1502 723 parenti
1534 682 1707 710 causam

147 733 332 774 invidiae
365 737 494 785 atque
528 730 754 772 criminum
787 743 881 770 esse
919 742 1046 783 aegre
1084 742 1255 782 passus,
1292 730 1342 768 ut
1381 741 1529 770 omnes
1562 727 1604 768 di
1635 727 1710 769 ho-

147 793 367 847 minesque
401 791 561 832 scirent
601 804 645 830 se
677 787 848 842 parenti
886 802 1011 841 opem
1049 787 1183 828 latam
1227 801 1356 841 quam
1393 786 1578 828 inimicis
1617 786 1709 827 eius

146 851 289 901 malle,
322 850 438 904 capit
470 848 698 891 consilium
730 847 848 888 rudis
882 846 1051 901 quidem
1079 848 1206 900 atque
1234 845 1417 900 agrestis
1445 845 1590 899 animi,
1622 844 1709 898 sed,

147 924 406 965 quamquam
426 922 513 949 non
534 907 668 949 civilis
697 906 891 960 exempli,
916 907 1059 946 tamen
1085 905 1245 959 pietate
1271 904 1496 946 laudabile.
1527 903 1706 945 inscien-

143 970 259 1011 tibus
293 968 456 1010 cunctis
490 967 626 1007 cultro
661 965 901 1006 succinctus
934 978 1059 1004 mane
1090 964 1135 1004 in
1173 964 1325 1004 urbem
1364 965 1488 1017 atque
1522 977 1547 1004 a·
1577 964 1708 1016 porta

143 1029 316 1069 domum
349 1026 577 1068 confestim
604 1024 656 1065 ad
682 1023 738 1065 M.
765 1023 1053 1078 Pomponium
1084 1022 1306 1063 tribunum
1337 1022 1499 1077 pergit3
1532 1021 1708 1063 ianitori

143 1101 249 1141 opus
284 1100 376 1128 esse
411 1085 493 1126 sibi
524 1083 698 1125 domino
733 1083 822 1123 eius
855 1084 1067 1123 convento
1107 1081 1321 1135 extemplo
1361 1080 1440 1122 ait:
1486 1080 1707 1121 nuntiaret

142 1146 188 1188 T.
214 1146 423 1187 Manlium
449 1142 494 1185 L.
521 1143 656 1184 filium
684 1155 787 1182 esse.
826 1155 925 1181 mox
951 1140 1220 1181 introductus
1236 1140 1466 1181 ——etenim
1492 1139 1705 1193 percitum

142 1206 206 1246 ira
239 1205 284 1245 in
315 1207 482 1258 patrem
516 1215 612 1256 spes
645 1202 737 1241 erat
771 1202 845 1241 aut
877 1199 1067 1240 criminis
1102 1199 1261 1253 aliquid
1293 1198 1395 1240 novi
1427 1200 1503 1239 aut
1534 1197 1704 1240 consilii

143 1265 196 1306 ad
221 1278 310 1304 rem
338 1261 547 1317 agendam
581 1258 743 1300 deferre
767 1282 817 1288 —
848 1258 985 1298 salute
1018 1261 1193 1311 accepta
1224 1257 1475 1311 redditaque
1508 1270 1600 1298 esse
1634 1255 1708 1309 ait,

144 1337 252 1378 quae
285 1337 381 1363 cum
414 1334 462 1361 eo
497 1332 623 1374 agere
657 1317 831 1358 arbitris
873 1316 1048 1357 remotis
1089 1317 1202 1357 velit.
1258 1316 1408 1369 procul
1441 1315 1540 1356 inde
1573 1315 1708 1357 omni-

144 1383 224 1424 bus
258 1381 375 1422 abire
408 1379 537 1421 iussis
578 1378 760 1418 cultrum
799 1375 975 1430 stringit
1015 1378 1057 1416 et
1091 1389 1218 1429 super
1250 1375 1410 1416 lectum
1442 1376 1560 1416 stans
1591 1374 1707 1415 ferro

959 1489 1070 1524 Jahre
1098 1490 1213 1524 durch
1248 1489 1355 1524 einen
1380 1488 1615 1533 Zweikampf
1636 1488 1708 1523 mit

961 1538 1081 1572 einem
1108 1536 1248 1571 Gallier
1283 1537 1354 1570 den
1386 1535 1589 1570 Beinamen
1618 1535 1707 1571 Tor—

960 1588 1105 1629 quatus,
1132 1595 1207 1618 war
1233 1583 1401 1618 zweimal
1425 1582 1602 1618 Diktator
1624 1585 1708 1626 (353

961 1632 1035 1665 und
1056 1634 1138 1675 349)
1164 1631 1241 1665 und
1267 1630 1424 1665 dreimal
1444 1630 1709 1675 Konsulf(347,

962 1682 1042 1720 344,
1058 1680 1152 1722 340),
1179 1677 1263 1712 liess
1278 1681 1346 1712 340
1367 1676 1494 1712 seinen
1509 1677 1610 1712 Sohn
1628 1676 1708 1711 hin-

962 1726 1117 1769 richten,
1138 1725 1223 1760 weil
1244 1736 1283 1760 er
1302 1726 1406 1759 extra
1420 1723 1586 1759 ordinem
1601 1724 1710 1759 einen

190 1498 222 1533 si
247 1497 352 1542 qnid]
376 1512 419 1524 =
440 1493 632 1540 quidquid,
653 1509 696 1521 =
717 1492 757 1526 *id
782 1491 885 1535 Quod.

183 1543 415 1590 prosperum]
446 1540 693 1585 ausgebildet,
724 1541 886 1583 geraten.

191 1597 221 1626 Τ.
248 1591 358 1636 malo]
380 1589 496 1623 durch
516 1588 603 1622 fible
620 1585 887 1629 Behandlung3

141 1640 212 1683 filii
237 1638 288 1672 ist
314 1636 506 1680 abhangig
530 1646 603 1669 von
629 1635 774 1668 malum.

188 1686 358 1731 premere]
381 1682 518 1718 drficke
538 1681 667 1725 herab,
687 1680 791 1714 halte
809 1680 889 1714 dar-

142 1733 278 1768 nieder.

189 1781 277 1825 quid
291 1778 478 1824 exigyuum]
495 1778 609 1812 etwas
629 1775 807 1819 wenige53
830 1773 888 1808 ein

144 1827 314 1862 ‘Funke'.

189 1876 227 1910 ὃ.
264 1878 295 1909 2.
332 1872 492 1917 consilii]
530 1870 601 1904 mit
639 1869 759 1904 einem
798 1867 887 1902 Gen.

144 1924 253 1966 qual„
271 1921 393 1955 ‘einen
412 1916 640 1961 Entsehluss,
661 1915 820 1950 welcher
837 1943 843 1948 .
859 1941 865 1948 .
880 1941 887 1948 .

143 1969 294 2004 verriit’.

189 2026 407 2060 quamquam
440 2013 524 2057 etc]
560 2010 729 2046 ‘obwohl
761 2020 799 2043 er
830 2008 889 2042 fur

144 2063 207 2097 das
233 2061 467 2106 bfirgerliehe
494 2059 619 2093 Leben
640 2058 728 2092 kein
747 2055 888 2090 Muster

142 2110 223 2151 istu
252 2110 351 2143 <lehn
366 2108 431 2142 das
446 2105 654 2141 Verfahren
669 2105 732 2138 des
745 2104 889 2147 jungen

142 2156 302 2191 Manlius
316 2154 491 2190 versffisst
511 2163 630 2197 gegen
645 2150 717 2185 alle
731 2151 887 2185 Rechts-

142 2204 297 2245 formem,
325 2201 447 2235 zumal
467 2210 587 2244 gegen
601 2200 661 2232 die
676 2197 888 2232 Unverletz-

142 2250 298 2284 lichkeit
325 2249 389 2283 der
414 2246 719 2282 Volkstribunen.

189 2302 222 2331 3.
248 2298 390 2331 domum
434 2295 483 2329 ad
529 2293 585 2327 M.
630 2290 886 2336 Pomponium]

141 2344 342 2387 Wendung
367 2353 432 2376 aus
454 2341 518 2375 der
536 2337 888 2384 Unigangssprache

144 2393 237 2426 statt
262 2389 456 2434 Pomponii
482 2389 625 2423 domum
651 2385 738 2430 (Cic.
763 2385 807 2419 de
829 2384 887 2419 off.

167 2451 377 2529 ⁷congente]
415 2482 496 2516 Den
532 2480 617 2515 Abl.
655 2479 753 2513 Part.
794 2478 888 2512 Perf.

141 2533 202 2567 bei
229 2542 319 2576 opus
345 2534 394 2565 est
419 2531 486 2564 hat
512 2529 638 2563 Cicero
666 2526 785 2560 selten
799 2525 887 2570 (vgl,

142 2580 189 2615 ad
208 2580 286 2614 Att.
310 2582 364 2621 10,
379 2581 411 2620 4,
431 2578 500 2620 11),
529 2577 593 2609 das
610 2574 730 2608 valtere
747 2572 888 2615 Latein,

143 2626 281 2662 Sallust
319 2625 394 2659 und
432 2621 560 2657 Livius
598 2621 652 2656 oft
691 2622 743 2665 (1,
771 2623 827 2662 58,
856 2622 885 2652 5.

141 2679 173 2718 3,
194 2678 251 2716 27,
273 2677 312 2715 73
341 2676 395 2708 38.
416 2675 455 2711 4;
483 2674 539 2712 44,
561 2673 591 2704 8.
620 2672 675 2712 26,
698 2672 751 2711 10,
774 2670 804 2700 2.
833 2669 889 2709 34,

143 2725 197 2764 61,
218 2726 249 2755 3.
277 2724 333 2762 44,
354 2724 410 2762 33,
433 2720 480 2762 7).

189 2769 275 2812 esse]
297 2767 408 2801 nami.
424 2776 476 2800 se:
505 2775 554 2807 er,
572 2763 636 2796 der
649 2760 887 2805 voi-gelassen

143 2827 187 2849 zu
202 2814 348 2849 werden
364 2811 550 2854 wsinsche,
565 2809 682 2844 sei...
701 2829 745 2833 ——
759 2806 888 2842 Dieser

146 2861 184 2896 T.
201 2861 373 2896 Dlanlc'us
387 2859 529 2895 erwarb
551 2857 631 2892 sich
643 2855 694 2890 im
710 2855 888 2890 nachsten

962 1772 1078 1807 Feind
1105 1773 1225 1816 erlegt
1249 1773 1367 1807 hatte.

1009 1825 1041 1854 4.
1069 1819 1221 1865 deferre]
1268 1818 1456 1863 ‘bringe',
1501 1817 1535 1854 d.
1573 1818 1608 1853 h.

962 1867 1100 1901 seinem
1139 1867 1267 1910 Gange
1304 1865 1373 1900 mit
1411 1863 1491 1900 sich
1529 1864 1710 1909 gebracht

961 1914 1074 1956 habe3
1108 1913 1211 1947 Infin.
1237 1912 1361 1947 Praes.
1387 1911 1484 1946 nach
1516 1922 1595 1956 spes
1619 1914 1710 1955 erat,

960 1961 1064 1995 nicht
1094 1961 1231 2003 Futur,
1265 1959 1391 1994 indem
1421 1969 1501 2003 spes
1531 1959 1613 1993 hier
1637 1958 1709 1993 den

961 2007 1104 2051 Begriff
1114 2008 1178 2042 des
1192 2007 1377 2042 Glaubens
1391 2005 1430 2040 in
1442 2006 1520 2040 sich
1532 2004 1707 2040 schliel'st.

961 2054 1046 2099 Vgl.
1078 2060 1113 2098 1,
1141 2058 1173 2098 5,
1201 2058 1238 2097 ἴ),
1275 2058 1314 2097 5,
1341 2057 1398 2098 46,
1424 2057 1460 2096 3;
1502 2057 1560 2097 25,
1587 2056 1643 2096 32,
1670 2056 1707 2096 63

961 2106 1017 2145 44,
1046 2106 1077 2144 7,
1108 2106 1160 2136 10,

1008 2149 1138 2193 salute]
1158 2147 1312 2182 ‘Gruss'.
1340 2146 1423 2191 Vgl.
1440 2151 1473 2189 3,
1488 2150 1545 2190 26,
1561 2147 1709 2182 9sah0te

961 2197 1051 2231 data
1075 2196 1230 2230 invicem
1255 2195 1476 2239 redditaque.

1009 2243 1159 2277 arbitris
1189 2241 1348 2286 remotis]
1385 2241 1495 2276 ‘ohne
1531 2239 1708 2285 Zeugen’,

962 2289 1160 2324 stehender
1178 2287 1375 2323 Ausdruck
1399 2287 1459 2322 fiir
1479 2286 1560 2322 eine
1576 2287 1711 2322 Unter-

960 2337 1104 2379 redung
1132 2336 1256 2370 ‘unter
1282 2335 1360 2370 vier
1379 2334 1524 2379 Augen'
1555 2336 1602 2379 (2,
1617 2337 1651 2378 4,
1669 2337 1707 2377 53

961 2388 1018 2427 39,
1046 2388 1100 2426 11,
1129 2386 1148 2416 3
1152 2391 1174 2427 ).

1010 2433 1041 2464 5.
1067 2441 1176 2474 saper
1202 2429 1343 2475 lectum]
1377 2429 1451 2463 Der
1474 2427 1615 2462 Tribun
1639 2427 1710 2462 hat

962 2478 1051 2519 sich,
1073 2478 1168 2511 ohne
1189 2476 1441 2519 aufzustehen,
1461 2475 1512 2509 im
1527 2474 1615 2509 Bett
1628 2473 1708 2509 auf·

962 2524 1156 2568 gerichtet,
1179 2524 1226 2557 da
1245 2523 1406 2557 Manlius
1427 2522 1601 2565 eoetemplo
1621 2523 1656 2565 (ξ
1671 2523 1707 2564 3)

962 2570 1106 2605 Einlass
1126 2571 1331 2615 verlangte.
1370 2569 1501 2603 Dieser
1521 2568 1622 2603 steht
1641 2577 1708 2602 vor

963 2619 1046 2652 dem
1059 2617 1146 2652 Bett
1158 2617 1234 2651 und
1251 2617 1368 2661 beugt
1385 2617 1457 2650 den
1475 2615 1709 2659 Oberk6rper

962 2665 1053 2699 fiber
1073 2664 1243 2699 dasselbe
1262 2663 1407 2703 herein;
1435 2673 1473 2697 er
1499 2661 1600 2696 steht
1626 2662 1706 2696 also

964 2712 1075 2746 ‘fiber
1108 2712 1192 2746 dem
1223 2710 1340 2746 Bett’.
1393 2708 1520 2744 Cicero
1559 2707 1708 2742 freilich

961 2758 1102 2793 erzahlt
1134 2758 1193 2803 (de
1225 2757 1286 2792 off.
1314 2759 1467 2801 3,112):
1505 2756 1666 2790 surrexit
1690 2764 1708 2789 e

961 2807 1088 2840 lectulo
1130 2805 1341 2848 remotisque
1384 2803 1535 2838 arbitris
1578 2802 1627 2836 ad
1669 2811 1705 2836 se

961 2853 1218 2888 adulescentem
1242 2851 1350 2886 iussit
1375 2851 1503 2885 venire.

1647 1817 1714 1852 auf

1749 2965 1766 3080 ..5-0-.
