1794 3084
69 127 95 147 u.
110 119 176 147 chr.
196 127 225 146 n.
245 121 306 146 396.

629 110 773 146 LIBER
797 110 842 146 V.
887 109 988 146 CAP.
1016 113 1073 145 21.

1573 110 1628 150 41

188 217 402 259 Inseritur
446 218 546 260 huic
591 218 686 260 loeo
731 218 894 260 fabula:
939 218 1191 259 immolante
1235 231 1337 272 rege
1380 216 1631 258 Veientium
1658 229 1679 261 8

68 290 217 319 vocem
254 276 496 330 haruspicis
530 277 728 331 dicentis,
768 278 841 332 qui
874 277 964 318 eius
996 277 1165 318 hostiae
1198 279 1297 318 exta
1328 276 1633 330 prosecuisset,

69 335 107 376 ei
149 336 375 377 victoriam
422 336 532 390 dari,
576 336 819 377 exauditam
864 336 908 377 in
947 336 1143 378 cuniculo
1185 335 1373 377 movisse
1414 335 1631 376 Romanos

69 394 249 445 milites,
288 397 337 435 ut
375 395 580 450 adaperto
613 395 810 436 cuniculo
844 398 945 436 exta
976 397 1179 449 raperent
1212 397 1255 436 et
1287 394 1339 436 ad
1373 394 1632 436 dictatorem

69 452 244 495 ferrent.
296 453 370 495 sed
402 454 448 494 in
478 454 605 495 rebus
638 457 727 494 tam
761 453 949 507 antiquis
983 454 1030 507 si,
1063 468 1172 508 quae
1206 453 1366 495 similia
1392 453 1503 494 veris
1531 453 1631 506 sint,
1657 464 1676 495 9

69 526 148 566 pro
187 512 301 554 veris
340 512 624 568 accipiantur,
666 512 772 553 satis
815 512 1017 567 habeam3
1058 512 1165 553 haec
1203 513 1256 554 ad
1296 513 1632 554 ostentationem

70 585 250 613 scaenae
282 571 511 627 gaudentis
543 571 762 612 miraculis
795 571 964 624 aptiora
997 585 1123 625 quam
1160 571 1212 612 ad
1245 571 1371 612 fidem
1397 585 1535 626 neque
1562 571 1632 612 ad-

68 630 238 672 firmare
270 644 408 685 neque
440 630 634 672 refellere
668 644 822 684 operae
855 630 1042 683 pretium
1075 632 1150 672 est.

188 687 421 731 Cuniculus
454 689 629 730 delectis
662 688 873 730 militibus
907 703 956 730 eo
988 691 1184 742 tempore
1218 689 1372 742 plenus
1406 689 1451 730 in
1484 688 1631 730 aedem
1661 700 1704 731 10

67 746 260 802 Iunonis,
292 762 400 802 quae
433 748 479 788 in
511 747 756 789 Veientana
788 761 885 789 arce
918 752 1023 800 erat,
1057 751 1247 789 armatos
1280 752 1455 802 repente
1489 747 1632 789 edidit.

68 809 112 848 et
150 821 251 861 pars
285 821 459 849 aversos
491 807 536 848 in
567 807 700 848 muris
733 806 943 848 invadunt
973 807 1140 859 hostes,
1178 821 1279 861 pars
1313 807 1504 848 claustra
1535 821 1635 861 por-

67 868 212 908 tarum
237 866 465 920 revellunt,
492 880 604 920 pars,
632 880 726 907 cum
754 881 805 907 ex
831 866 954 907 tectis
982 880 1085 907 saxa
1111 865 1366 920 tegulaeque
1394 881 1419 907 a
1446 865 1633 907 mulieri-

67 924 150 966 bus
182 938 231 966 ac
264 925 451 966 servitiis
484 925 742 978 iacerentur,
778 924 970 966 inferunt
1002 925 1137 979 ignes.
1189 924 1353 966 clamor
1385 924 1531 966 omnia
1562 939 1632 966 va-

67 983 144 1025 riis
180 984 437 1025 terrentium
472 999 521 1026 ac
553 985 804 1039 paventium
838 983 1014 1026 vocibus
1049 984 1183 1025 mixto
1217 984 1444 1025 mulierum
1478 998 1526 1025 ae
1558 999 1632 1038 pu-

67 1056 238 1084 erorum
270 1043 443 1097 ploratu
476 1043 674 1097 complet.
724 1046 944 1084 momento
976 1043 1184 1096 temporis
1217 1043 1393 1084 deiectis
1426 1057 1477 1084 ex
1509 1057 1631 1083 muro

67 1101 254 1156 undique
281 1103 458 1143 armatis
485 1102 796 1156 patefactisque
823 1103 960 1156 portis
987 1116 1082 1143 cum
1110 1102 1182 1143 alii
1208 1102 1380 1156 agmine
1409 1102 1634 1153 irruerent,

68 1160 141 1202 alii
175 1160 369 1203 desertos
403 1161 659 1202 scanderent
690 1176 850 1215 muros,
883 1161 986 1202 urbs
1017 1160 1217 1202 hostibus
1245 1161 1463 1214 impletur,
1496 1161 1633 1202 omni-

66 1219 148 1261 bus
187 1219 292 1262 locis
331 1223 561 1275 pugnatur.

115 1350 147 1382 8.
179 1347 266 1382 huic
290 1347 381 1393 loeo]
410 1364 454 1376 =
480 1349 522 1382 in
553 1348 650 1383 huno
681 1348 813 1382 locum:

69 1393 163 1429 wird
190 1405 238 1429 an
265 1394 366 1429 diese
387 1394 502 1430 Stelle
529 1394 813 1440 eingeschoben.

66 1433 244 1477 Ublicher
288 1444 403 1477 w'are:
454 1442 548 1477 wird
600 1453 647 1477 an
695 1441 816 1477 dieser

67 1488 185 1524 Stelle
200 1489 381 1533 (hocloco)
396 1489 672 1534 eingeschoben
687 1490 813 1534 (naml.

67 1537 108 1571 in
133 1535 194 1571 die
220 1535 463 1582 Erzahlung).

107 1584 364 1630 prosecuisset]
408 1585 528 1619 Term.
566 1585 690 1619 techn.
730 1595 816 1619 vom

66 1631 472 1676 vorschriftsmanigen
533 1631 813 1667 Ausschneiden

66 1678 132 1713 der
174 1690 259 1713 zum
296 1678 528 1724 Brandopfer
571 1677 815 1714 bestimmten

66 1724 172 1760 Teile
199 1725 301 1761 eines
327 1726 566 1770 Opfertieres.

114 1772 217 1818 dari]
244 1772 329 1818 Vgl.
356 1774 450 1818 Kap.
478 1777 533 1816 20,
558 1778 588 1808 1.

113 1820 305 1865 adaperto]
334 1820 462 1855 Dieses
489 1820 588 1855 Verb
615 1820 689 1854 und
716 1832 815 1854 zwar

66 1867 117 1902 im
141 1868 242 1902 Part.
264 1866 358 1903 Perf.
385 1867 502 1902 findet
529 1868 608 1902 sich
635 1868 730 1902 auch
757 1871 813 1911 25,

67 1918 124 1955 30,
147 1918 191 1949 10
217 1915 292 1949 und
318 1918 376 1958 45,
397 1918 453 1958 39,
478 1919 533 1958 17,
572 1914 708 1950 vorher
744 1926 815 1949 nur

68 1961 131 1996 bei
156 1961 310 1997 Lukrez.

117 2013 150 2044 9.
177 2009 287 2055 veris]
315 2008 443 2043 Plural
470 2009 591 2044 neben
615 2010 754 2044 similia
780 2021 814 2044 u.

69 2055 181 2091 Dativ
207 2068 270 2091 zur
291 2056 542 2101 Vermeidung
568 2057 633 2091 der
652 2057 817 2101 weniger

69 2103 400 2148 wohlklingenden
463 2104 571 2138 Foru]
641 2115 815 2140 verorum.

69 2149 215 2186 Ebenso
243 2151 345 2186 steht
368 2152 507 2186 similia
532 2152 625 2187 veris
655 2155 708 2194 10,
723 2155 778 2194 20,
796 2155 816 2186 5

69 2209 104 2234 u.
126 2202 183 2242 29,
198 2202 254 2242 20,
272 2202 303 2243 1,
323 2199 511 2233 simillima
529 2200 623 2234 veris
638 2202 694 2243 26,
708 2203 765 2242 49,
782 2203 813 2233 6.

70 2245 145 2280 Der
188 2245 362 2291 Singular
410 2245 523 2280 heisst
566 2247 697 2281 similis
741 2247 815 2281 veri

71 2293 285 2338 (sechsmal)
306 2304 341 2328 u.
355 2294 574 2328 verisimilis
588 2294 812 2338 (sechsmal).

70 2339 136 2374 Als
168 2340 556 2385 Komparativformen
587 2340 656 2376 hat
687 2340 814 2375 Livius

71 2388 188 2432 mayis
212 2389 288 2423 veri
312 2388 441 2432 simile,
467 2389 542 2424 veri
562 2389 721 2424 similias
739 2388 815 2422 und

70 2435 229 2470 similius
254 2446 344 2470 vero.

119 2483 169 2517 ad
213 2482 501 2528 ostentationem]
550 2482 634 2517 ‘zur
679 2481 817 2517 Schau-

71 2528 236 2574 stellung
280 2529 345 2564 der
388 2530 535 2572 Bfihne,
585 2528 726 2565 welche
770 2540 819 2564 an

69 2576 262 2611 Wundern
293 2576 437 2612 Frende
475 2576 576 2620 hat’,
614 2576 740 2612 indem
778 2577 818 2611 in

71 2623 254 2658 manchen
273 2624 433 2659 Dramen
454 2623 520 2658 der
534 2624 681 2659 Knoten
702 2624 818 2658 durch

72 2671 139 2706 das
183 2672 424 2706 wunderbare
463 2670 678 2717 Eingreifen
718 2671 818 2706 eines

73 2718 206 2753 Gottes
232 2717 356 2763 gelost
381 2719 517 2753 wurde.

121 2766 225 2809 adfi
200 2766 321 2812 fidem]
355 2764 432 2801 scil.
465 2766 693 2809 faciendam,

73 2810 242 2847 Glauben
268 2824 312 2847 zu
338 2814 525 2858 erregen'.
566 2816 752 2856 23,12,1.

121 2871 233 2905 neque
253 2860 342 2906 ete]
370 2860 454 2905 Vgl.
474 2860 591 2905 praef.
611 2872 654 2895 ea
673 2871 737 2895 nee
756 2859 819 2894 ad-

736 2765 820 2800 ‘um

632 1220 785 1261 deinde
824 1220 963 1261 multa
999 1219 1086 1261 iam
1126 1220 1240 1261 edita
1279 1219 1406 1261 caede
1447 1219 1635 1260 senescit

886 1348 1034 1391 firmare
1064 1358 1128 1382 nec
1158 1347 1318 1390 refellere
1349 1347 1391 1381 in
1416 1347 1539 1382 animo
1565 1350 1635 1388 est,-

889 1399 945 1438 37,
966 1398 1022 1438 48,
1045 1398 1064 1429 7
1101 1406 1213 1439 neque
1244 1395 1441 1437 adfirmata
1471 1405 1528 1430 res
1558 1405 1635 1430 mea

888 1443 1060 1486 opinione
1090 1443 1139 1477 sit
1171 1453 1235 1477 nec
1256 1453 1326 1486 pro
1351 1453 1450 1476 vana
1471 1445 1634 1485 praeter-

887 1500 1009 1525 missa.

938 1541 992 1572 10.
999 1536 1146 1582 plenus]
1157 1535 1348 1571 beiLivius
1359 1538 1457 1571 etwa
1465 1535 1635 1581 dreissig-

889 1583 966 1619 mal
997 1584 1067 1618 mit
1100 1584 1208 1626 Gen.,
1247 1584 1423 1618 neunmal
1455 1583 1525 1618 mit
1550 1582 1635 1618 Abl.

889 1633 936 1676 (1,
958 1635 1014 1672 25,
1037 1634 1074 1673 13
1103 1635 1135 1674 7,
1156 1634 1212 1673 28,
1236 1635 1272 1672 73
1300 1634 1356 1673 26,
1374 1634 1440 1673 7,7
1463 1643 1496 1665 Π.
1519 1635 1574 1671 42,
1596 1635 1635 1673 3;

888 1682 1084 1722 38‚15‚s
1112 1681 1294 1721 u.5s,3;
1332 1681 1540 1721 41,28,9;
1577 1681 1632 1721 42

855 1726 1044 1769 v27‚11).

935 1772 1065 1818 edidit]
1089 1789 1131 1801 =
1153 1772 1294 1816 effudit,
1319 1772 1517 1817 poetische
1544 1771 1635 1806 Dik-

887 1819 978 1854 tion.

935 1877 979 1901 ex
999 1865 1115 1912 tectis]
1142 1882 1186 1894 =
1213 1877 1257 1900 eoe
1282 1866 1450 1901 domibus
1480 1866 1569 1901 oder
1594 1867 1638 1902 cle

888 1915 989 1949 tectis
1014 1916 1061 1958 (l,
1084 1916 1137 1955 15,
1159 1915 1207 1956 3).

939 1965 992 1995 11.
1025 1962 1237 1996 terrentium
1262 1971 1306 1995 ac
1326 1960 1556 2007 paventium]
1592 1961 1636 1995 li-

889 2008 1080 2043 vianische
1108 2007 1466 2053 Wortverbindung:
1494 2013 1526 2051 6,
1541 2012 1598 2051 33,
1615 2012 1635 2043 9

889 2059 1022 2090 terrere
1059 2067 1137 2090 una
1175 2065 1217 2090 ae
1245 2066 1396 2099 pavere‚·
1436 2060 1491 2099 21,
1513 2059 1570 2098 25,
1593 2059 1635 2090 13

889 2103 976 2146 finis
1001 2106 1033 2138 et
1056 2101 1176 2137 Gallis
1201 2103 1398 2138 territandi
1422 2106 1453 2137 et
1473 2103 1638 2147 pavendi

891 2151 965 2193 fuit
990 2149 1186 2191 Romanis;
1221 2153 1277 2193 22,
1298 2153 1330 2192 5,
1351 2154 1373 2184 4
1409 2151 1540 2186 mixtos
1565 2153 1634 2185 ter-

887 2199 1046 2232 rentium
1054 2198 1336 2242 paventiumque
1352 2198 1532 2233 clamores.
1548 2197 1636 2232 Tac.

888 2246 981 2279 Ann.
1004 2249 1035 2287 1,
1056 2248 1100 2279 25
1127 2245 1279 2280 diversis
1305 2246 1511 2280 animorum
1530 2245 1633 2279 moti-

889 2292 955 2327 bus
997 2293 1180 2336 pavebant
1218 2292 1486 2337 terrebantque,
1533 2296 1564 2336 1,
1590 2295 1635 2326 29

888 2343 1030 2382 terr,ere
1056 2340 1098 2374 ni
1117 2343 1289 2383 paveant.

931 2386 1100 2433 ploratu]
1117 2385 1291 2431 vulgares
1300 2387 1408 2422 Wort
1416 2385 1605 2430 (‘Geheul'
1611 2387 1636 2429 ),

889 2433 1068 2469 zuweilen
1099 2445 1172 2468 von
1183 2414 1344 2469 oFrauen
1369 2434 1444 2468 und
1473 2433 1638 2468 Kindern

891 2482 997 2526 (Kap.
1025 2485 1081 2523 42,
1101 2485 1140 2522 4;
1174 2484 1229 2523 23,
1256 2485 1312 2524 42,
1335 2486 1372 2524 5·
1405 2484 1636 2525 26,13,13;

890 2532 948 2573 29,
967 2533 1021 2571 17,
1039 2510 1112 2571 16');
1134 2528 1302 2563 daneben
1321 2530 1425 2572 fletus
1444 2507 1636 2562 mulieruni

890 2587 933 2611 ac
957 2586 1153 2620 puerorum
1180 2579 1211 2618 6,
1233 2579 1266 2618 3,
1285 2579 1318 2609 4.

941 2627 994 2657 12.
1022 2622 1182 2667 agmine]
1209 2622 1442 2657 adverbialer
1463 2620 1637 2656 Ablativ:

892 2671 1259 2714 Kap.41.5;45,5;
1288 2669 1438 2715 1‚6,2;
1466 2668 1637 2713 3‚1s‚4;

893 2720 1032 2760 50,13;
1061 2719 1193 2759 51‚10.

943 2768 996 2798 13.
1040 2763 1203 2808 senescit]
1251 2761 1408 2797 ‘nimmt
1443 2763 1503 2807 ab,
1547 2762 1639 2796 wird

894 2810 1059 2846 schlaff'.
1120 2810 1192 2844 Das
1232 2809 1340 2845 Wort
1377 2809 1470 2844 wird
1508 2809 1564 2845 oft
1599 2810 1639 2844 in

894 2858 1179 2902 fibertragenem
1207 2857 1318 2892 Sinne
1345 2857 1568 2902 gebraucht:
1605 2861 1639 2900 3,

1661 936 1704 967 11

1661 1054 1703 1085 12

1662 1219 1705 1251 13
