1794 3084
133 270 152 300 7

109 1036 152 1066 10

109 1330 150 1360 11

113 1437 168 1479 14

133 1625 152 1656 2

181 89 238 131 34
672 90 814 125 LIBER
840 90 918 125 VII.
969 90 1070 126 CAP.
1099 95 1153 126 13.
1183 95 1235 126 14.

1521 109 1548 128 a.
1578 109 1606 128 u.
1626 109 1650 128 ο.
1670 103 1734 129 396.

180 213 309 254 quam
341 202 541 254 expertus
573 213 650 240 nos
683 212 814 251 esses,
847 197 896 239 de
927 199 1053 240 nobis
1084 198 1146 240 ita
1178 199 1430 253 desperasti,
1460 201 1510 241 ut
1539 201 1582 241 te
1613 214 1730 242 man-

180 273 326 300 corum
360 273 408 300 ac
441 258 642 299 debilium
675 257 823 298 ducem
849 257 1057 299 iudicares
1084 271 1186 299 esse.
1236 257 1335 312 quid
1361 257 1474 299 enim
1501 258 1616 300 aliud
1642 273 1734 300 esse

180 331 331 358 causae
364 317 603 369 credamus,
641 330 714 357 cur
750 319 974 358 veteranus
1013 316 1114 370 dux,
1152 315 1411 358 fortissimus
1451 317 1582 371 bello,
1622 331 1734 360 com-

179 379 349 430 pressis,
382 375 493 429 quod
527 375 658 428 aiunt,
691 375 888 416 manibus
921 374 1096 416 sedeas?
1128 377 1356 429 utcumque
1383 375 1497 416 enim
1530 390 1574 417 se
1599 375 1733 418 habet

179 450 263 485 res,
301 437 342 475 te
381 434 430 474 de
469 436 619 475 nostra
656 433 812 474 virtute
851 434 1069 475 dubitasse
1113 434 1246 475 videri
1286 449 1414 489 quam
1451 449 1530 476 nos
1569 435 1619 476 de
1657 438 1735 477 tua

180 494 318 535 verius
353 496 429 534 est.
487 493 551 534 sin
584 494 726 534 autem
757 507 845 534 non
877 495 999 534 tuum
1030 493 1153 547 istuc,
1187 493 1259 534 sed
1291 492 1511 546 publicum
1543 497 1608 535 est
1633 508 1731 536 con-

180 553 323 594 silium
363 555 405 593 et
442 566 674 593 consensus
713 551 846 606 aliqui
878 554 1068 606 patrum,
1099 566 1186 593 non
1219 550 1433 593 Gallicum
1463 552 1624 594 bellum
1653 567 1734 595 nos

180 612 233 652 ab
266 611 388 664 urbe,
426 626 451 652 a
488 610 715 664 penatibus
748 613 910 652 nostris
942 611 1167 664 ablegatos
1199 613 1339 662 tenet,
1378 625 1556 666 quaeso,
1594 613 1642 653 ut
1672 625 1736 665 ea,

179 684 286 725 quae
319 670 475 723 dicam,
515 684 603 710 non
635 684 660 710 a
691 669 902 711 militibus
935 670 1184 724 imperatori
1224 670 1339 711 dicta
1371 683 1562 724 censeas,
1603 670 1676 712 sed
1709 685 1734 712 a

180 729 302 783 plebe
328 728 522 783 patribus
542 753 591 758 —
609 742 717 782 quae
745 729 792 780 si,
819 731 866 770 ut
891 743 966 770 vos
993 732 1138 770 vestra
1163 729 1361 770 habeatis
1388 729 1580 783 consilia,
1607 729 1667 770 sic
1687 743 1732 771 se

181 803 256 830 sua
275 788 520 829 habituram
541 787 667 841 dicat,
687 788 781 841 quis
800 788 970 829 tandem
992 787 1265 829 suscenseat?
1283 811 1333 816 -—
1350 788 1508 829 milites
1528 802 1608 830 nos
1629 802 1735 839 esse,

179 862 265 889 non
299 861 442 888 servos
476 849 654 900 vestros,
687 846 740 887 ad
772 847 945 901 bellum,
976 847 1134 888 nonin
1160 846 1334 888 exilium
1367 847 1542 901 missos3
1574 847 1610 888 si
1637 847 1732 901 quis

179 906 251 948 det
283 906 464 960 signum,
496 906 539 947 in
573 906 707 946 aciem
740 905 910 959 educat,
941 909 989 947 ut
1014 906 1116 947 viris
1143 920 1192 947 ac
1224 905 1429 947 Romanis
1461 905 1638 959 dignum
1665 906 1735 959 sit,

177 968 467 1021 pugnaturos3
499 965 536 1006 si
561 964 670 1005 nihil
697 965 826 1005 armis
855 979 961 1019 opus
988 965 1057 1019 sit,
1090 964 1223 1006 otium
1249 964 1411 1006 Romae
1436 964 1580 1018 potius
1606 979 1734 1019 quam

178 1025 223 1066 in
256 1024 410 1066 castris
450 1027 633 1065 acturos.
703 1023 810 1064 haec
847 1024 961 1065 dicta
999 1024 1085 1064 sint
1121 1023 1330 1077 patribus.
1390 1027 1451 1077 te,
1488 1023 1735 1078 imperator,

178 1083 338 1124 milites
371 1082 434 1124 tui
467 1097 649 1136 oramUS,
679 1085 728 1124 ut
753 1083 879 1124 nobis
906 1082 1127 1137 pugnandi
1154 1083 1321 1136 copiam
1345 1081 1491 1124 facias.
1523 1096 1618 1123 cum
1645 1083 1734 1123 vin-

179 1157 272 1184 cere
305 1142 498 1195 cupimus
534 1146 625 1182 tum
656 1144 698 1183 te
731 1142 835 1183 duce
867 1141 1049 1192 vincere,
1080 1141 1162 1182 tibi
1193 1141 1386 1182 lauream
1417 1140 1632 1196 insignem
1665 1141 1732 1183 de-

177 1201 307 1254 ferre,
339 1204 480 1242 tecum
515 1200 830 1254 triumphantes
869 1201 1018 1242 urbem
1057 1201 1182 1254 inire,
1219 1203 1342 1241 tuum
1380 1202 1604 1255 sequentes
1644 1215 1734 1242 cur-

177 1275 272 1301 rum
298 1259 412 1301 Iovis
435 1259 597 1313 Optimi
617 1259 794 1300 Maximi
819 1260 1028 1313 templum
1055 1262 1275 1314 gratantes
1303 1262 1562 1313 ovantesque
1589 1258 1734 1301 adire?

180 1319 418 1360 orationem
450 1318 564 1359 Tulli
596 1321 851 1372 exceperunt
882 1333 1027 1372 preces
1056 1318 1358 1370 multitudinis,
1390 1321 1432 1359 et
1455 1317 1656 1373 undique,
1686 1320 1737 1359 ut

179 1378 351 1434 signum
385 1377 517 1431 daret,
549 1380 597 1418 ut
630 1392 778 1431 capere
812 1392 930 1418 arma
961 1377 1147 1430 iuberet,
1179 1377 1435 1419 clamabant.

299 1436 508 1490 Dictator,
542 1450 801 1490 quamquam
833 1451 923 1477 rem
956 1437 1114 1477 bonam
1146 1435 1340 1489 exemplo
1372 1435 1486 1476 haud
1518 1435 1735 1489 probabili

180 1498 318 1537 actam
351 1495 569 1548 cernebat,
607 1498 755 1536 tamen
786 1494 1018 1549 facturum,
1058 1494 1170 1549 quod
1208 1494 1366 1535 milites
1397 1494 1576 1547 vellent,
1613 1495 1658 1535 in
1689 1508 1734 1535 se

179 1555 340 1609 recepit
370 1554 642 1609 Tulliumque
670 1556 844 1608 secreto,
876 1568 1085 1608 quaenam
1117 1554 1222 1595 haec
1253 1567 1322 1594 res
1349 1553 1406 1594 sit
1431 1555 1505 1594 aut
1530 1566 1612 1607 quo
1640 1555 1735 1594 acta

179 1628 310 1663 more,
335 1616 625 1667 percontatur.
676 1613 839 1654 Tullius
865 1626 1022 1668 magno
1052 1627 1177 1667 opere
1205 1627 1229 1653 a
1255 1612 1463 1653 dictatore
1493 1614 1651 1666 petere,
1681 1625 1735 1652 ne

180 1688 222 1714 se
251 1673 431 1714 oblitum
460 1672 710 1726 disciplinae
737 1672 951 1723 militaris,
976 1686 1029 1712 ne
1057 1671 1123 1712 sui
1148 1685 1254 1712 neve
1274 1670 1579 1724 imperatoriae
1604 1670 1734 1712 maie-

225 1787 434 1812 mcmcorum
449 1787 491 1811 ac
504 1776 596 1822 deb.]
619 1776 712 1810 ‘von
726 1775 919 1820 Kri'ippeln

177 1824 253 1858 und
279 1822 620 1868 Schwachlingen’.
648 1823 731 1865 Vgl.
758 1822 829 1857 Cic.
851 1834 918 1867 pro

177 1870 255 1905 Mil.
277 1874 320 1905 25
359 1882 523 1905 mancam
555 1881 598 1905 ac
631 1871 779 1905 debilem
811 1880 919 1915 prae-

178 1923 308 1954 turam.

227 1969 256 1999 7.
284 1965 489 2009 compressis
519 1964 707 2009 manibus]
740 1962 853 1997 n‘aml.
878 1964 920 1997 in

171 2023 334 2058 pugnos,
390 2012 460 2046 mit
511 2011 702 2056 geballten
750 2010 915 2044 Fausten

179 2059 266 2104 (vgl.
306 2059 387 2093 Ter.
420 2059 552 2093 Heaut.
579 2062 663 2100 5903
710 2057 862 2099 Quintil.
887 2061 920 2101 2,

178 2109 234 2149 20,
258 2110 276 2140 7
303 2106 378 2140 und
407 2109 461 2147 11,
487 2110 519 2148 3,
543 2107 637 2149 104),
670 2104 729 2139 ein
762 2104 920 2138 Zeichen

179 2152 244 2187 der
275 2152 556 2197 Unthatigkeit,
594 2152 683 2186 ‘mit
714 2151 920 2196 gesalteten

178 2199 369 2234 Handen’.

227 2247 348 2292 aiunt]
376 2246 431 2280 als
459 2245 917 2290 Sprichwort(22,39,19).

225 2293 425 2338 sedeamus]
448 2293 626 2337 ‘liegen’,
658 2292 919 2327 militarischer

180 2340 374 2376 Terminus
389 2351 473 2375 vom
484 2340 921 2385 nnthiitigenVerharren

180 2399 227 2423 an
260 2388 379 2423 einem
415 2387 502 2422 Orte
535 2389 582 2430 (2,
604 2391 658 2430 12,
681 2391 718 2429 1;
746 2390 802 2429 22,
823 2389 855 2430 3,
878 2389 921 2420 10

179 2435 254 2470 und
287 2438 342 2477 24,
371 2438 430 2477 1ος
463 2438 520 2478 44,
549 2438 603 2477 13,
633 2438 650 2468 1
684 2434 760 2468 und
792 2437 847 2477 27,
873 2435 920 2478 4).

180 2483 273 2527 Kap.
295 2486 351 2525 37,
374 2485 426 2516 10.

227 2529 362 2574 verius]
398 2528 532 2571 besser,
555 2528 748 2572 richtiger,
774 2527 921 2571 billiger

182 2578 251 2620 (35,
273 2580 305 2620 8,
327 2580 364 2617 6;
398 2579 454 2617 39,
475 2579 530 2617 27,
553 2579 680 2617 3340,
704 2578 757 2618 16,
779 2575 825 2619 6),
853 2574 920 2608 wie

179 2634 301 2658 verum
339 2623 393 2657 oft
429 2622 480 2656 im
513 2621 624 2656 Sinnc
663 2633 734 2656 von
767 2632 919 2665 aequum

181 2671 386 2713 gebraucht
405 2669 496 2704 wird
517 2671 563 2713 (2,
584 2672 639 2711 48,
661 2673 698 2711 2;
726 2673 758 2712 3,
779 2671 834 2711 40,
858 2673 917 2710 113

181 2720 237 2759 23,
260 2721 313 2760 11,
336 2720 397 2759 123
424 2720 479 2759 32,
501 2721 557 2760 33,
577 2720 608 2750 4.
643 2714 743 2751 Caes.
764 2720 797 2758 4,
818 2718 850 2757 8,
871 2717 917 2756 2).

229 2766 259 2797 8.
295 2765 355 2798 sin
391 2763 526 2809 autem]
565 2763 689 2797 zweite
727 2762 919 2796 Annahme

181 2811 394 2853 gegenuber
420 2814 438 2852 ξ
461 2815 480 2844 6
506 2811 539 2845 si
562 2815 604 2845 tu
624 2839 631 2845 .
654 2838 661 2845 .
684 2838 690 2844 .
712 2809 918 2854 desperasti.

222 2857 394 2901 patrum]
441 2857 580 2892 welche
624 2856 731 2892 einen
774 2855 921 2901 grossen

992 1775 1073 1809 Teil
1105 1775 1169 1809 der
1192 1774 1302 1809 Plebs
1330 1785 1399 1810 von
1426 1773 1492 1808 der
1517 1773 1626 1809 Stadt
1654 1773 1734 1809 fern

990 1822 1120 1856 halten
1146 1821 1301 1864 wollen,
1329 1820 1446 1856 damit
1471 1821 1530 1856 die
1556 1820 1735 1856 Unruhen

991 1868 1099 1914 (Kap.
1122 1872 1177 1912 12,
1196 1870 1232 1914 4)
1258 1868 1337 1903 sich
1362 1867 1468 1902 nicht
1493 1879 1682 1903 erneuern.

1039 1916 1246 1961 ableyatos]
1294 1915 1512 1950 ‘entfernt’.
1569 1915 1737 1960 ableyare

994 1962 1294 2007 ‘wegschicken’
1318 1962 1425 2007 (Kap.
1442 1965 1497 2006 39,
1513 1966 1550 2004 23
1573 1967 1604 2006 1,
1624 1966 1679 2006 35,
1694 1965 1734 2005 2,

991 2013 1026 2053 4,
1047 2014 1102 2053 58,
1126 2015 1184 2053 123
1225 2013 1282 2053 21,
1305 2012 1422 2052 10,12
1454 2021 1489 2044 u.
1517 2010 1564 2053 a.)
1603 2009 1653 2044 ist
1689 2019 1734 2043 zu

993 2057 1280 2093 unterscheiden
1322 2066 1395 2091 von
1437 2057 1593 2101 relegare
1632 2056 1733 2090 ‘ver-

993 2105 1146 2148 weisen,
1172 2103 1407 2138 verbannen’
1437 2105 1513 2147 (zur
1539 2103 1684 2147 Strafe).

1042 2155 1095 2186 10.
1135 2150 1334 2196 insigmem]
1378 2150 1464 2185 weil
1507 2160 1546 2184 er
1581 2149 1646 2184 ihn
1683 2149 1734 2184 im

991 2198 1190 2243 Triumphe
1216 2200 1348 2242 tragen
1374 2197 1456 2232 soll.

1039 2246 1138 2280 Iovis
1160 2273 1166 2280 .
1189 2273 1195 2279 .
1218 2273 1225 2280 .
1245 2244 1440 2290 templum]
1480 2245 1553 2278 Der
1590 2243 1734 2278 Trium·
1793 2284 1794 2287 Ἰ

991 2292 1125 2337 phator
1150 2303 1234 2337 zog,
1273 2293 1344 2326 den
1370 2291 1641 2326 Lorbeerkranz
1671 2290 1740 2326 auf
1793 2290 1794 2302 ³

995 2340 1078 2374 dem
1098 2340 1246 2384 Haupte
1265 2339 1432 2383 tragend,
1451 2349 1538 2373 vom
1557 2337 1735 2372 Marsfeld.

994 2387 1091 2420 nach
1123 2386 1186 2421 der
1217 2386 1330 2421 Porta
1356 2383 1616 2429 Carmentalis,
1649 2385 1734 2419 dem

996 2433 1120 2468 Circus
1147 2433 1339 2476 maximus,
1362 2432 1426 2467 der
1445 2431 1517 2466 Via
1535 2442 1639 2467 sacra
1657 2431 1734 2466 und

994 2481 1109 2515 durch
1137 2481 1236 2514 diese
1263 2480 1328 2514 auf
1352 2479 1418 2514 das
1443 2478 1606 2524 Kapitol.

1043 2531 1096 2562 11.
1123 2526 1349 2572 eoeceperunt]
1384 2527 1394 2542 ‘
1409 2526 1474 2560 auf
1491 2554 1498 2561 .
1520 2552 1527 2560 .
1549 2554 1556 2561 .
1578 2525 1733 2570 folgten,

994 2586 1040 2608 an
1067 2600 1074 2608 .
1092 2603 1098 2609 .
1115 2603 1123 2610 .
1144 2575 1331 2609 schlossen
1368 2572 1481 2608 sich'.
1543 2576 1577 2616 4,
1610 2576 1665 2615 52,
1690 2575 1729 2614 43

993 2625 1023 2664 6,
1042 2625 1084 2655 21
1123 2627 1151 2655 1.

1040 2648 1102 2703 142
1141 2672 1169 2702 1.
1202 2669 1243 2702 in
1273 2678 1308 2703 se
1336 2667 1483 2712 recepit]
1526 2666 1658 2700 ‘nahm
1690 2675 1729 2699 es

992 2714 1058 2749 auf
1081 2714 1176 2758 sich,
1202 2716 1348 2750 machte
1374 2715 1452 2748 sich
1478 2711 1728 2757 anheischig’.

991 2761 1075 2806 Vgl.
1105 2761 1178 2796 Cic.
1205 2762 1251 2797 ad
1272 2761 1356 2795 fam.
1380 2765 1433 2804 13,
1456 2764 1509 2802 17,
1529 2764 1549 2794 3
1574 2759 1730 2803 spondeo

992 2809 1033 2842 in
1057 2820 1177 2853 meque
1201 2809 1336 2852 recipio
1361 2819 1417 2842 eos
1435 2817 1505 2842 esse
1527 2805 1601 2841 Μ’.
1623 2805 1729 2840 Curii

992 2865 1122 2898 mores‚·
1147 2855 1226 2890 Liv.
1247 2859 1302 2899 10,
1322 2857 1377 2899 40,
1398 2858 1452 2888 11.
