1794 3084
49 126 74 145 ι.
96 118 162 145 Chr.
181 126 209 144 n.
230 119 289 145 395.
309 119 370 145 394.

604 107 748 144 LIBER
772 107 816 144 V.
862 107 964 144 CAP.
991 112 1048 143 26.
1547 109 1601 151 51

50 220 94 260 et
116 217 274 274 partim
305 217 411 258 artis
437 216 596 271 partim
624 217 769 259 arduis
794 217 889 260 viis.
924 219 1122 259 ceterum
1147 215 1356 259 Camillus
1383 217 1603 272 captivum
1629 229 1650 261 6

48 276 236 319 indidem
263 290 313 318 ex
337 276 452 332 agris
475 279 646 318 secutus
666 276 816 318 ducem
838 276 991 318 castris
1013 276 1151 318 multa
1170 278 1295 319 nocte
1318 276 1444 318 motis
1465 278 1603 331 prima

48 336 142 378 luce
176 335 400 390 aliquanto
443 335 736 390 superioribus
774 335 880 378 locis
919 349 963 377 se
1001 335 1202 377 ostendit.
1252 335 1389 378 triarii
1420 335 1606 378 Romani
1631 347 1651 380 7

47 395 307 449 muniebant,
334 394 442 436 alius
470 395 679 436 exercitus
701 395 864 448 proelio
891 394 1081 436 intentus
1108 395 1264 438 stabat.
1309 395 1371 437 ibi
1397 395 1604 450 impedire

47 469 157 509 opus
191 457 368 496 conatos
400 454 548 495 hostes
580 453 724 494 fundit
754 453 981 509 fugatque3
1021 456 1271 509 tantumque
1302 454 1399 496 inde
1431 455 1605 509 pavoris

47 513 228 555 Faliscis
261 513 465 555 iniectum
498 515 577 566 est,
606 514 655 553 ut
687 512 820 553 effusa
845 512 952 568 fuga
979 515 1122 554 castra
1148 528 1236 565 sua,
1270 528 1376 568 quae
1402 514 1607 569 propiora

47 576 183 627 erant,
207 572 392 628 praelati
417 571 568 613 urbem
593 573 802 625 peterent.
846 571 971 612 multi
999 572 1112 613 caesi
1137 573 1446 628 vulneratique,
1470 573 1606 628 prius·
1631 585 1652 616 8

49 646 176 688 quam
203 634 409 686 paventes
436 631 571 684 portis
597 630 846 673 inciderent.
878 633 1020 672 castra
1045 633 1189 685 capta,
1214 632 1373 686 praeda
1399 633 1450 674 ad
1479 647 1605 688 quae-

47 694 184 733 stores
215 690 389 732 redacta
421 704 516 731 cum
549 703 707 745 magna
739 689 925 731 militum
957 690 1040 746 ira3
1072 690 1145 731 sed
1178 691 1404 733 severitate
1436 692 1604 747 imperii

46 750 150 792 victi
183 749 361 791 eandem
393 748 597 790 virtutem
630 751 673 790 et
705 748 884 791 oderant
916 752 959 791 et
991 750 1271 792 mirabantur.
1311 750 1477 792 obsidio
1504 751 1603 793 inde
1629 765 1649 797 9

44 808 162 850 urbis
195 810 237 849 et
268 807 530 850 munitiones
563 810 606 849 et
637 808 852 850 interdum
878 823 954 863 per
980 809 1247 851 occasionem
1273 809 1458 865 impetus
1486 810 1604 866 oppi-

47 867 258 909 danorum
290 867 334 908 in
367 866 585 909 Romanas
619 868 826 910 stationes
859 868 1110 923 proeliaque
1141 883 1277 923 parva
1307 869 1417 924 fieri,
1449 874 1492 911 et
1522 869 1604 912 teri

42 929 212 981 tempus
250 928 403 968 neutro
436 927 642 968 inclinata
674 942 767 982 spe,
807 942 902 969 cum
934 927 1196 969 frumentum
1230 929 1461 984 copiaeque
1493 929 1604 971 aliae

45 1000 96 1028 ex
147 988 246 1027 ante
291 988 496 1028 convecto
541 986 706 1041 largius
753 987 942 1028 obsessis
988 1002 1116 1042 quam
1162 987 1458 1030 obsidentibus
1504 1003 1601 1043 sup-

41 1047 251 1101 peterent.
300 1045 608 1101 videbaturque
642 1059 775 1100 aeque
809 1045 1036 1088 diuturnus
1067 1046 1237 1089 futurus
1269 1047 1392 1089 labor
1424 1062 1472 1090 ac
1499 1046 1602 1089 Veis
1631 1062 1674 1094 10

42 1104 206 1157 fuisset,
237 1104 283 1146 ni
314 1104 488 1146 fortuna
518 1105 770 1159 imperatori
795 1105 992 1147 Romano
1025 1105 1153 1147 simul
1185 1108 1227 1148 et
1252 1107 1450 1161 cognitae
1475 1107 1603 1149 rebus

41 1164 208 1206 bellicis
240 1164 413 1206 virtutis
446 1164 664 1219 specimen
696 1167 738 1206 et
769 1167 985 1206 maturam
1017 1165 1243 1207 victoriam
1277 1165 1476 1209 dedisset.

90 1308 122 1340 6.
147 1304 309 1339 indidem
334 1315 377 1338 ed*
402 1304 519 1350 aqris]
534 1321 579 1332 =
593 1315 636 1339 ex
659 1305 786 1340 iisdem

41 1353 151 1397 agris.
203 1350 290 1397 Vgl.
318 1355 373 1395 25,
402 1355 457 1394 15,
485 1354 503 1385 7
544 1352 705 1387 indidem
742 1363 786 1388 ea:

40 1400 187 1434 Achaia
223 1399 394 1440 oriundi;
432 1402 488 1441 28,
518 1403 548 1442 1,
576 1403 596 1434 6
631 1400 786 1435 ducibus

39 1447 203 1483 indidem
247 1457 290 1481 ex
329 1446 524 1481 Celtiberia
559 1448 786 1492 transfuqis,·

41 1498 96 1538 39,
113 1498 168 1538 12,
185 1499 202 1529 1
218 1493 417 1538 Hispalam
436 1494 597 1529 indidem
611 1505 654 1529 ea:
667 1495 784 1530 Aven-

39 1543 120 1578 tino
152 1542 369 1577 libertinam.
420 1540 513 1586 Nep.
546 1542 676 1586 Epam.
704 1546 737 1585 5,
763 1546 783 1577 2

41 1590 91 1624 Μ
90 1590 279 1625 eneelidem
287 1589 463 1634 quendam
472 1590 634 1624 indidem
646 1589 783 1625 Thebis.

88 1641 119 1672 7.
145 1637 373 1682 muniebant]
400 1637 566 1680 absolut,
592 1636 663 1673 wie
689 1637 783 1682 Kap.

41 1688 72 1728 1,
93 1688 126 1719 8.
152 1684 237 1729 Vgl.
260 1687 292 1729 7,
313 1687 370 1728 23,
392 1688 411 1719 7
432 1685 559 1719 triarii
578 1688 694 1728 erant,
720 1686 785 1730 qui

40 1732 261 1766 muniebant.

87 1779 264 1825 intentus]
291 1779 351 1814 bei
371 1779 498 1813 Livius
526 1778 581 1813 oft
604 1778 674 1813 mit
700 1778 785 1814 dem

40 1825 154 1862 Dativ
181 1826 245 1861 des
271 1826 459 1861 Zweckes:
488 1830 520 1869 3,
541 1830 598 1870 26,
617 1830 638 1861 9
665 1827 784 1871 operi;

40 1878 74 1917 4,
95 1878 151 1916 37,
171 1878 192 1908 4
218 1875 393 1909 eoee7·citui
410 1874 617 1915 seribendo;
646 1877 676 1917 1,
691 1877 747 1917 53,
763 1877 784 1908 5

40 1922 225 1967 operibus,·
249 1925 279 1964 1,
295 1924 350 1964 56,
369 1925 385 1955 1
402 1921 623 1966 perficiendo
637 1922 782 1966 templo3

40 1972 73 2012 2,
99 1973 158 2013 37,
184 1972 204 2004 5
236 1970 459 2014 speetaeul0,·
484 1971 540 2011 25,
567 1972 599 2012 2,
627 1973 647 2003 3
683 1969 783 2004 bello.

40 2015 151 2051 Sonst
177 2016 271 2051 setzt
297 2027 336 2051 er
362 2028 404 2050 zu
429 2017 594 2051 intentus
621 2017 715 2051 auch
735 2017 784 2052 ad

40 2075 74 2098 u.
101 2065 160 2108 in,
186 2063 256 2098 wie
282 2063 418 2098 andere
445 2062 652 2099 Prosaiker.
698 2063 782 2108 Vgl.

41 2110 130 2146 Sall.
163 2110 242 2157 Iug.
270 2115 326 2155 76,
353 2115 373 2146 2
413 2111 618 2156 oppidanos
643 2112 784 2156 proelio

39 2159 205 2194 intentos.

85 2207 213 2250 fwndit
236 2206 426 2252 fugatque]
461 2205 543 2241 eine
568 2206 629 2241 bei
654 2206 783 2242 Livius

15 2254 126 2291 ,sehr
159 2254 309 2299 h'aufige
342 2253 687 2299 Wortverbindung
720 2265 784 2288 zur

40 2301 300 2348 Bezeichnung
333 2299 434 2335 eines
467 2300 784 2337 entscheidenden

41 2348 178 2394 Sieges.

88 2400 208 2432 eastra
245 2407 313 2432 sua
344 2397 522 2443 praelati]
560 2414 604 2426 =
637 2401 785 2441 praeter

40 2447 162 2479 eastra
183 2455 252 2480 sua
265 2446 491 2490 praeterlati.
525 2443 598 2479 Das
618 2443 784 2479 Verbum

33 2492 274 2537 praeterferri
322 2491 466 2528 kommt
502 2504 572 2526 nur
609 2502 655 2526 au
694 2492 784 2526 zwei

41 2537 183 2574 Stellen
207 2551 290 2575 vor:
318 2540 423 2575 Lucr.
444 2544 477 2584 4,
499 2543 566 2575 571
593 2552 626 2574 u.
655 2539 784 2574 Livius

40 2590 97 2631 21,
118 2590 174 2631 55,
195 2590 215 2622 9
243 2588 364 2632 (simul
390 2589 547 2624 latebras
572 2598 693 2622 eorum
718 2587 782 2621 im-

34 2635 195 2679 provida
235 2636 460 2679 praeterlata
499 2636 593 2670 acies
630 2638 703 2676 est).
750 2638 782 2677 6,

40 2685 98 2725 29,
118 2686 138 2717 3
158 2694 193 2717 u.
216 2686 247 2726 7,
268 2686 324 2726 24,
346 2687 366 2717 8
391 2683 480 2717 wird
503 2683 690 2728 praeferri
715 2680 785 2716 mit

33 2732 181 2774 praeter
216 2730 431 2765 verbunden
468 2732 628 2776 (praeter
662 2732 785 2764 eastra

40 2777 148 2811 etiam
173 2787 242 2812 sua
254 2778 442 2822 praelati).
482 2779 592 2813 Sonst
618 2776 719 2812 steht
745 2787 783 2811 es

41 2823 190 2859 absolut
208 2826 255 2869 (2,
279 2828 332 2868 14,
354 2829 392 2866 7;
419 2829 475 2868 29,
496 2829 553 2870 32,
568 2826 614 2868 8).
636 2823 783 2859 Ebenso

43 2871 142 2907 steht
172 2873 375 2916 praefluere
408 2876 438 2916 1,
459 2876 515 2916 45,
536 2877 556 2907 6
589 2872 639 2906 im
673 2871 783 2906 Sinne

858 1315 931 1340 von
945 1305 1204 1349 praeterfluere
1217 1307 1287 1349 (41,
1305 1309 1358 1349 11,
1374 1308 1407 1349 3)
1427 1317 1462 1341 u.
1484 1305 1604 1341 mehr-

857 1352 953 1387 mals
986 1352 1161 1397 praevehi
1198 1352 1292 1388 statt
1328 1353 1393 1388 des
1431 1352 1486 1388 oft
1522 1364 1604 1390 vor·

858 1399 1107 1435 kommenden
1128 1401 1364 1444 praetervehi.

906 1451 938 1483 8.
968 1448 1233 1494 vulneratique]
1256 1465 1299 1477 =
1320 1451 1385 1483 aut
1409 1448 1602 1485 vulnerati.

857 1499 890 1539 3,
912 1498 968 1539 55,
991 1498 1046 1530 13.
1073 1499 1106 1538 8,
1128 1500 1182 1537 13,
1204 1499 1236 1530 5.
1265 1499 1319 1539 10,
1341 1500 1373 1537 9,
1394 1498 1426 1530 5.

905 1542 1123 1589 inciderent]
1132 1543 1244 1577 naml.
1253 1544 1295 1577 in
1301 1543 1435 1586 wrbem,
1442 1543 1512 1578 mit
1518 1543 1601 1579 Abl.

857 1589 921 1624 des
941 1590 1078 1635 Weges
1100 1591 1219 1634 portis
1238 1591 1298 1634 (=
1312 1602 1380 1635 per
1389 1592 1543 1636 portas).
1570 1595 1602 1635 3,

857 1640 889 1681 3,
911 1642 931 1672 3
956 1638 1085 1682 pavidi
1109 1639 1308 1673 incidentes
1327 1639 1457 1683 portis.

905 1686 954 1720 ad
979 1686 1197 1731 quaestores]
1223 1685 1308 1730 Vgl.
1334 1685 1426 1731 Kap.
1455 1689 1510 1730 19,
1531 1690 1563 1721 8.

906 1736 937 1768 9.
965 1733 1122 1778 obsidio]
1162 1732 1269 1768 Auch
1307 1733 1400 1768 dazu
1437 1733 1487 1768 ist
1524 1734 1604 1769 fieri

861 1779 1036 1823 (‘fanden
1074 1780 1203 1823 statt’)
1245 1780 1300 1815 als
1338 1779 1521 1816 Pradikat
1557 1793 1602 1815 zu

856 1826 1047 1862 beziehen.

903 1875 971 1909 teri
985 1875 1138 1920 tempus]
1148 1874 1229 1909 eine
1237 1874 1298 1909 bei
1307 1873 1434 1909 Livius
1443 1875 1602 1911 uberans

855 1921 1004 1968 haufige
1029 1921 1320 1957 allitterierende
1346 1921 1601 1968 Verbindung.

904 1980 948 2004 em
961 1972 1046 2005 ante
1058 1970 1239 2015 convecto]
1257 1969 1268 1987 ‘
1278 1969 1418 2015 infolge
1432 1969 1602 2005 friiherer

857 2016 1028 2051 Zufuhr·'.
1079 2016 1163 2062 Vgl.
1191 2020 1230 2060 4,
1250 2021 1308 2060 22,
1328 2021 1348 2052 3
1379 2018 1602 2061 frumentum

857 2065 1001 2099 abunde
1025 2075 1069 2099 ex
1088 2068 1172 2099 ante
1194 2068 1358 2100 eonveeto
1375 2065 1600 2109 sufficiebam

855 2111 947 2157 Kap.
977 2115 1033 2155 13,
1056 2116 1085 2146 1.

906 2163 959 2194 10.
985 2159 1130 2205 fuisset]
1156 2158 1284 2205 Konj.,
1319 2170 1381 2193 um
1407 2159 1502 2195 auch
1529 2159 1602 2195 den

856 2206 1234 2251 Vergleichungssatz
1260 2206 1329 2241 mit
1353 2208 1543 2243 videbatur
1562 2208 1601 2243 in

855 2253 1101 2299 Verbindung
1126 2266 1169 2289 zu
1195 2256 1331 2290 setzen.

902 2302 960 2347 ni]
994 2301 1083 2336 kurz
1110 2303 1204 2337 statt
1229 2305 1261 2337 et
1285 2302 1486 2337 diuturnus
1509 2302 1600 2345 fuis-

855 2352 923 2392 set,
960 2350 1022 2392 ni‚·
1061 2349 1149 2384 oder
1180 2351 1222 2384 ni
1254 2377 1261 2384 .
1290 2377 1297 2384 .
1326 2378 1332 2384 .
1365 2350 1519 2385 dedisset
1550 2350 1601 2385 ist

857 2413 901 2425 =
926 2397 987 2432 sed
1014 2426 1021 2432 .
1043 2424 1050 2431 .
1074 2425 1081 2433 .
1108 2397 1215 2432 dedit.
1250 2396 1382 2432 Solche
1403 2396 1511 2432 S'atze
1531 2397 1601 2432 mit

856 2445 910 2488 ni,
935 2455 993 2479 wo
1020 2444 1101 2479 eine
1128 2443 1353 2489 eigentliche
1380 2444 1600 2490 Bedingung

856 2491 960 2526 nicht
997 2491 1224 2535 stattfindet,
1263 2491 1347 2526 sind
1381 2491 1443 2527 bei
1474 2491 1600 2527 Livius

855 2537 961 2573 nicht
999 2539 1134 2582 selten,
1173 2551 1201 2574 z.
1229 2540 1269 2573 B.
1309 2543 1341 2583 3,
1371 2544 1407 2582 1,
1434 2543 1455 2573 4
1492 2543 1600 2575 atrox

856 2589 1034 2621 certamen
1059 2587 1197 2629 aderat,
1222 2587 1265 2621 ni
1286 2586 1430 2621 Fabius
1455 2597 1597 2621 rem...

856 2634 1070 2678 empedisset3
1098 2637 1131 2676 4,
1152 2637 1208 2676 52,
1225 2638 1245 2669 5
1265 2635 1341 2668 iam
1358 2634 1471 2677 fames
1490 2645 1599 2679 quam

854 2681 1061 2725 pestilentia
1087 2682 1227 2716 tristior
1253 2685 1348 2724 erat,
1372 2682 1414 2716 ni
1438 2682 1600 2717 dimissis

856 2729 956 2763 eirca
1002 2739 1121 2763 omnes
1159 2729 1317 2773 populos
1359 2729 1485 2771 leuatis
1518 2756 1525 2763 .
1554 2758 1559 2764 .
1589 2756 1598 2764 .

856 2786 1026 2810 annonae
1038 2776 1130 2818 foret
1143 2777 1364 2810 subventum.
1385 2775 1477 2822 Kap.
1493 2780 1549 2820 36,
1567 2780 1597 2813 1.

903 2823 1012 2858 simul
1031 2827 1063 2858 et
1083 2851 1090 2859 .
1113 2850 1119 2856 .
1142 2851 1150 2858 .
1171 2823 1228 2869 ea]
1250 2834 1343 2868 enge
1364 2823 1598 2859 Zusammen-

856 2869 1010 2915 fassung
1021 2871 1085 2906 der
1095 2870 1230 2906 beiden
1241 2870 1381 2916 Folgen
1390 2871 1454 2907 des
1468 2872 1538 2907 ein
1547 2883 1566 2907 e
1575 2883 1599 2906 n

1264 2928 1312 2964 4*
