1794 3084
53 84 80 103 n.
96 74 149 102 Oh.
164 81 193 100 n.
207 74 269 100 381.

556 62 699 98 LIBER
725 63 786 98 VI.
837 61 937 98 CAP.
965 66 1020 98 22.
1047 65 1104 97 23.
1559 63 1611 104 51

54 187 183 230 quam
215 173 265 213 ut
297 172 488 227 collegae
521 171 703 213 materia
730 170 783 213 ad
810 185 980 212 omnem
1007 170 1178 212 laudem
1206 172 1330 223 esset,
1365 173 1406 212 et
1436 171 1617 225 publice,

53 231 166 288 quod
185 245 277 272 rem
302 231 546 272 temeritate
568 231 656 272 eius
684 230 930 284 prolapsam
957 229 1158 283 restituit,
1190 231 1233 270 et
1259 230 1473 283 privatim,
1506 230 1617 285 quod

57 305 107 333 ex
139 303 280 332 errore
313 290 498 344 gratiam
532 290 675 343 potius
709 289 799 330 eius
834 289 916 330 sibi
949 303 1077 343 quam
1111 303 1232 330 suam
1265 288 1450 343 gloriam
1482 289 1618 343 petiit.

56 352 228 392 exactae
261 348 346 389 iam
378 348 534 389 aetatis
568 346 778 389 Camillus
807 350 900 389 erat
933 347 1200 402 comitiisque
1228 348 1369 389 iurare
1396 351 1547 401 parato
1575 348 1617 388 in
1647 361 1664 391 7

55 409 187 450 verba
219 407 486 449 excusandae
519 406 754 448 valetudini
787 406 917 448 solita
943 421 1178 448 consensus
1205 407 1356 461 populi
1382 407 1619 461 restiterat,

58 467 130 510 sed
169 469 371 521 vegetum
410 466 631 521 ingenium
670 465 713 506 in
752 465 894 507 vivido
933 468 1104 520 pectore
1145 466 1335 521 vigebat,
1373 465 1621 520 virebatque

55 525 240 580 integris
274 525 483 578 sensibus,
516 527 558 566 et
592 524 729 566 civilis
756 525 842 565 iam
869 538 936 566 res
963 524 1077 565 haud
1104 539 1366 580 magnopere
1393 525 1622 567 obeuntem

56 585 174 628 bella
207 583 465 626 excitabant.

175 642 391 693 Quattuor
429 642 671 697 legionibus
712 643 964 696 quaternum
1005 642 1175 683 milium
1214 643 1399 697 scriptis,
1438 644 1623 685 exercitu
1651 655 1670 686 8

55 702 216 745 indicto
251 701 303 744 ad
336 705 506 756 portam
538 700 810 756 Esquilinam
844 701 888 741 in
920 704 1140 754 posteram
1174 701 1296 752 diem,
1331 702 1381 743 ad
1411 700 1622 744 Satricum

56 760 288 817 profectus.

350 760 412 802 ibi
445 774 542 802 eum
575 762 893 815 expugnatores
932 760 1128 802 coloniae
1170 760 1502 816 haudquaquam
1534 776 1625 816 per-

55 821 175 875 culsi,
215 820 394 861 fidentes
429 819 615 861 militum
654 833 846 872 numero,
891 833 974 873 quo
1021 819 1290 874 aliquantum
1334 821 1627 875 praestabant,

56 879 399 935 opperiebantur.

472 881 703 933 postquam
743 878 1089 932 appropinquare
1129 878 1352 921 Romanos
1393 882 1627 933 senserunt,
1652 893 1671 923 9

56 938 271 993 extemplo
317 938 361 979 in
407 938 541 979 aciem
582 937 832 991 procedunt,
877 937 985 978 nihil
1024 937 1211 991 dilaturi,
1253 939 1354 993 quin
1391 939 1624 993 periculum

58 1011 250 1039 summae
282 1011 424 1038 rerum
458 997 666 1038 facerent:
700 997 763 1037 ita
795 997 1002 1050 paucitati
1035 996 1228 1038 hostium
1260 997 1370 1038 nihil
1403 1000 1517 1039 artes
1550 998 1626 1039 im-

57 1056 270 1112 peratoris
303 1056 429 1109 unici,
463 1056 617 1110 quibus
652 1055 755 1097 solis
789 1055 1062 1109 confiderent,
1096 1056 1344 1123 profuturas
1378 1071 1482 1099 esse.

176 1115 296 1156 Idem
329 1115 454 1156 ardor
487 1118 529 1156 et
561 1115 605 1156 in
639 1113 835 1156 Romano
869 1114 1057 1156 exercitu
1085 1117 1178 1156 erat
1205 1117 1248 1156 et
1274 1116 1320 1156 in
1347 1116 1482 1157 altero
1511 1115 1626 1170 duce,
1643 1119 1698 1161 23

58 1188 136 1216 nec
182 1174 421 1228 praesentis
468 1173 759 1215 dimicationis
809 1172 1029 1215 fortunam
1074 1174 1164 1215 ulla
1207 1188 1274 1215 res
1325 1150 1626 1241 praeterquani

61 1233 186 1275 unius
208 1233 289 1274 viri
310 1232 538 1275 consilium
559 1235 687 1288 atque
707 1232 934 1286 imperium
963 1233 1229 1288 morabatur,
1262 1234 1335 1288 qui
1362 1234 1628 1275 occasionem

58 1372 198 1414 ducere,
236 1382 375 1407 censere
411 1372 482 1416 (23,
510 1374 568 1415 24,
596 1374 633 1414 1;
673 1375 729 1416 26,
753 1375 809 1416 16,

58 1422 90 1455 4.
117 1419 210 1464 Καρ.
231 1422 288 1463 23,
311 1421 378 1463 10).

105 1466 275 1512 materia]
303 1466 387 1512 Vgl.
415 1466 508 1511 Kap.
538 1470 570 1509 7,
591 1470 623 1501 3.

107 1524 242 1549 omnem
269 1513 430 1559 laudem]
454 1513 540 1558 jede
562 1514 630 1548 Art
655 1513 718 1548 des
739 1513 805 1549 Lo-

58 1561 135 1604 bes,
162 1560 304 1596 erkl'art
329 1560 446 1596 durch
471 1564 504 1596 et
523 1561 693 1606 publice.
718 1587 725 1595 .
749 1565 810 1597 ,et

52 1609 242 1654 privatim.

59 1655 197 1738 Phrem]
226 1673 271 1684 =
290 1666 470 1701 pugnam,
502 1655 572 1690 wie
599 1655 655 1690 oft
680 1655 718 1690 in
745 1655 810 1691 der

118 1713 197 1738 rase
223 1714 296 1738 rem
322 1713 452 1746 (μεν-’.373

109 1750 338 1795 prolapsam]
390 1759 455 1794 ges²
459 1749 593 1792 unken,
644 1753 810 1784 schwan-

60 1795 179 1839 kend,
218 1797 434 1832 verdorben.
487 1800 525 1841 2,
554 1800 609 1840 63,
637 1801 657 1831 5
696 1798 813 1832 virtus

61 1844 219 1879 militum
244 1855 318 1879 rem
344 1845 561 1889 prolapsam
591 1845 813 1890 meyleyeutia

62 1891 220 1927 consulis
243 1892 413 1927 restituit.

110 1939 285 1985 restituit]
312 1937 397 1973 Man
421 1938 578 1974 beachte
593 1939 664 1973 den
679 1939 813 1974 Wech-

63 1985 116 2021 sel
142 1986 206 2021 des
233 1985 421 2031 Subjekts.

111 2036 142 2068 7.
175 2037 322 2069 exactae
354 2033 500 2079 aetatis]
537 2032 812 2078 ‘hochbetagtn

60 2078 325 2126 Bezeichnung
351 2081 452 2115 eines
477 2080 600 2116 hohen
621 2081 743 2115 Alteis
764 2083 812 2125 (4,

61 2130 119 2171 41,
147 2131 215 2170 12;
255 2132 287 2170 5,
317 2131 371 2171 18,
401 2131 438 2170 1;
475 2131 532 2173 30,
558 2131 614 2171 26,
643 2128 695 2172 7),
732 2127 814 2162 hier

63 2174 339 2211 ubertreibend
379 2156 555 2210 Ublicher
579 2156 630 2210 is⁷t
656 2176 721 2210 der
739 2174 812 2210 Ab·

62 2220 155 2257 lativ
185 2226 314 2258 exacta
345 2226 462 2258 aetate
501 2223 597 2262 (Ter.
626 2223 694 2256 Ad.
723 2227 813 2265 870;

63 2267 157 2313 Oic.;
190 2270 270 2304 Liv.
299 2274 330 2308 2,
352 2274 408 2313 40,
432 2274 492 2312 113
519 2274 552 2313 4,
576 2273 629 2313 13,
653 2273 694 2304 12
715 2271 813 2314 ete).

109 2317 151 2351 in
178 2316 300 2362 verba]
330 2316 441 2351 ‘nach
473 2317 538 2352 der
562 2316 739 2354 Formel’.
768 2337 811 2342 -

62 2361 112 2398 Es
132 2364 279 2399 scheint
298 2363 378 2399 also
393 2365 507 2399 &fters
522 2364 813 2408 vorgekommen

63 2420 108 2445 zu
122 2411 211 2452 sein,
232 2410 312 2446 dass
328 2411 387 2446 die
401 2411 567 2456 Angabe,
589 2423 676 2446 man
691 2411 813 2447 konne

65 2467 132 2493 aus
181 2457 521 2503 Korperschwi'iche
571 2469 691 2503 gegen
741 2459 812 2494 den

65 2503 231 2540 Wunsch
258 2507 322 2540 des
344 2505 482 2541 Volkes
509 2505 569 2540 ein
595 2507 686 2540 Amt
711 2505 814 2540 nicht

64 2550 316 2635 ἣδθιέθὶιωθη
332 2581 340 2597 ,
410 2552 548 2588 eidlich
608 2552 814 2598 bekraftigt

65 2609 144 2634 wur
171 2611 190 2634 e

113 2647 355 2699 excusandae]
372 2647 448 2682 Das
462 2647 627 2682 Verbum
641 2658 814 2683 excusare

66 2692 160 2727 wird
199 2693 380 2729 zuweilen
417 2693 457 2729 in
494 2695 558 2730 der
590 2694 813 2739 Bedeutung

69 2737 140 2774 ‘als
165 2740 628 2787 Entschuldigungsgrund
661 2741 814 2787 geltend

68 2786 240 2822 machen’
270 2788 339 2823 mit
363 2789 447 2823 dem
469 2789 551 2824 Ace.
581 2789 812 2824 verbunden·

68 2834 124 2878 23,
145 2836 177 2878 8,
198 2838 216 2870 7
249 2836 492 2872 valetudinem
523 2847 718 2880 excusans;
757 2840 812 2882 26,

882 1375 939 1416 22,
961 1375 980 1406 5
1007 1373 1193 1407 oculorum
1218 1374 1460 1409 valetudinem
1486 1386 1632 1410 excusa-

881 1420 952 1461 πίω
990 1423 1047 1463 22,
1068 1423 1124 1462 40,
1148 1424 1167 1455 6
1200 1421 1360 1456 Atilium
1391 1425 1541 1457 aetatem
1573 1433 1630 1458 ex-

882 1470 1067 1502 cusantem
1092 1467 1246 1502 Romam
1271 1469 1456 1504 miserunt.

929 1515 1128 1560 restiterat]
1145 1514 1253 1549 Sinn:
1275 1526 1313 1550 er
1326 1516 1432 1551 hatte
1454 1529 1533 1551 nur
1549 1517 1632 1552 dem

883 1561 1161 1607 einstimnstgen
1188 1562 1375 1598 Wunsche
1403 1563 1467 1599 des
1494 1563 1632 1599 Volkes

883 1609 1163 1654 nachgegeben.

930 1656 1031 1691 haud
1056 1658 1287 1703 maquopere]
1316 1658 1399 1702 Vgl.
1427 1657 1519 1703 Kap.
1547 1663 1579 1702 5,
1601 1664 1631 1694 5.

933 1707 965 1738 8.
1016 1704 1171 1750 indicto]
1223 1706 1418 1740 eoeercitam
1462 1707 1632 1742 indicere.

887 1751 970 1785 ‘das
995 1751 1092 1785 Heer
1118 1751 1325 1786 aufbieten'
1349 1754 1420 1797 (41,
1443 1757 1497 1797 14,
1519 1755 1570 1798 2),
1596 1765 1631 1789 e>

888 1797 1158 1841 ‘bescheiden’,
1186 1799 1255 1834 mit
1274 1799 1428 1843 Angabe
1455 1801 1518 1836 des
1547 1801 1633 1836 Ver-

886 1845 1232 1890 sammlungsortes:
1260 1850 1317 1890 40,
1338 1850 1394 1890 21,
1417 1851 1433 1881 1
1463 1859 1497 1883 u.
1518 1852 1574 1891 41,
1597 1852 1634 1890 73

886 1896 943 1936 43,
967 1897 983 1926 1
1009 1897 1037 1927 7.

935 1940 983 1974 ad
1003 1943 1149 1984 portam
1171 1940 1422 1987 Esquilinam]
1445 1942 1550 1977 nicht
1574 1942 1634 1978 be-

889 1986 1042 2022 sonders
1069 1998 1154 2032 pass
1159 1989 1228 2023 end
1270 1988 1317 2023 da
1342 2000 1427 2024 man
1455 2000 1527 2024 von
1554 1990 1634 2025 hier

887 2035 1003 2069 durch
1032 2034 1091 2069 die
1113 2034 1223 2070 Stadt
1243 2035 1371 2071 ziehen
1398 2036 1544 2081 musste,
1572 2049 1632 2072 um

886 2080 954 2116 auf
975 2081 1039 2117 der
1066 2081 1137 2117 Via
1163 2083 1367 2119 Ardeatina
1397 2085 1492 2119 nach
1520 2066 1633 2120 S'atri-

887 2139 970 2164 cum
997 2140 1041 2163 zu
1067 2131 1315 2166 marschieren
1347 2132 1435 2176 (vgl.
1457 2136 1489 2176 3,
1510 2136 1566 2174 27,
1587 2133 1633 2177 4).

935 2180 966 2211 9.
981 2177 1185 2221 periculum
1198 2189 1356 2214 summae
1365 2191 1385 2214 o
1386 2190 1423 2214 er
1427 2191 1483 2214 um
1497 2180 1597 2222 sacci
1599 2180 1629 2225 e]

888 2223 970 2259 eine
984 2224 1269 2270 Entscheidung
1284 2226 1375 2261 fiber
1389 2227 1447 2262 die
1463 2227 1628 2262 Gesamt-

886 2271 966 2306 heit
980 2271 1045 2306 der
1054 2271 1186 2317 Dinge,
1202 2273 1308 2308 einen
1319 2272 1632 2320 Entscheidungs-

885 2317 1018 2363 kampf
1042 2300 1190 2363 (10,14',
1213 2324 1232 2355 9
1260 2322 1454 2356 discrimen
1479 2332 1636 2357 summae

885 2367 1021 2409 rerum)
1047 2366 1320 2403 herbeifuhren.

933 2413 1010 2459 ita]
1051 2414 1187 2458 ‘dann,
1232 2415 1269 2449 in
1315 2415 1450 2451 diesem
1497 2416 1621 2452 Fallc'
1628 2446 1635 2460 ,

886 2471 993 2495 wenn
1020 2461 1086 2496 der
1112 2461 1254 2506 Kampf
1277 2463 1394 2497 sofort
1420 2464 1592 2509 beginne.

927 2508 1132 2554 paucitati]
1161 2509 1298 2544 Waren
1325 2511 1419 2545 auch
1447 2511 1507 2546 die
1528 2511 1632 2546 Vols—

885 2554 952 2589 ker
979 2555 1061 2589 dem
1088 2557 1300 2591 romischen
1326 2558 1444 2593 Heere
1470 2569 1518 2593 an
1544 2559 1631 2593 Zahl

887 2601 1099 2647 uberlegen,
1145 2614 1186 2637 so
1231 2615 1379 2639 mussen
1418 2605 1513 2640 doch
1556 2605 1635 2641 viel

885 2648 1076 2693 Legionem
1123 2650 1181 2684 fiir
1219 2651 1306 2696 jenc
1339 2651 1420 2687 Zeit
1458 2654 1512 2687 als
1553 2654 1633 2688 eine

886 2695 1088 2741 gewaltige
1135 2697 1378 2734 Streitmacht
1422 2710 1483 2734 am
1471 2701 1633 2745 geschen

885 2743 1045 2778 πει-,(1311

934 2789 1048 2826 23.1.
1081 2792 1285 2875 fortananK]

1308 2794 1387 2828 das
1407 2793 1464 2827 W
1459 2795 1629 2840 agstuck'

887 2836 988 2872 eines
1016 2838 1221 2884 sofortigen

1281 2840 1433 2886 ampfes.

1303 2904 1323 2935 4
1333 2900 1349 2918 ss
