1794 3084
145 100 198 141 12
678 100 823 135 LIBER
849 100 910 135 VI.
960 99 1062 135 OAP.
1089 105 1122 136 3.
1149 105 1180 136 4.

1415 119 1440 136 a.
1461 119 1489 136 u.
1509 118 1533 137 e.
1553 111 1612 138 365.
1633 112 1696 138 366.

74 219 114 249 ιο
142 207 317 249 fortuna
343 207 511 261 fecerat,
545 222 588 248 se
616 208 733 249 hosti
760 207 922 249 offerre.
967 222 1125 263 magna
1151 208 1384 251 multitudo
1410 209 1456 250 in
1481 209 1697 251 custodias

143 266 296 319 divisa,
343 267 546 320 oppidum
591 269 690 307 ante
736 269 904 307 noctem
949 267 1159 308 redditum
1206 265 1392 309 Sutrinis
1441 268 1699 310 inviolatum

142 325 438 379 integrumque
479 325 530 365 ab
571 324 686 366 omni
725 324 844 365 clade
882 325 1003 379 belli,
1041 326 1142 380 quia
1184 340 1272 367 non
1310 326 1351 367 vi
1393 329 1582 380 captum,
1627 326 1700 368 sed

91 444 117 484 4

90 864 112 893 4

141 384 347 425 traditum
380 398 454 437 per
486 383 759 425 condiciones
791 383 943 424 fuerat.

261 441 467 483 Camillus
490 442 535 482 in
555 442 705 482 urbem
727 442 995 496 triumphans
1023 442 1150 483 rediit
1174 442 1306 484 trium
1333 443 1461 484 simul
1487 443 1697 485 bellorum

94 512 114 542 2
142 501 287 542 victor.
315 501 441 555 longe
467 501 672 555 plurimos
702 501 893 554 captivos
920 515 969 541 ex
995 500 1190 542 Etruscis
1224 503 1322 542 ante
1355 516 1525 543 currum
1557 501 1692 555 duxit3

141 559 294 613 quibus
334 559 413 600 sub
452 559 578 600 hasta
610 559 880 600 venumdatis
919 561 1087 600 tantum
1126 560 1236 600 aeris
1273 560 1492 601 redactum
1530 562 1612 614 est,
1650 563 1698 601 ut

140 617 277 671 pretio
310 632 387 671 pro
420 632 523 659 auro
551 618 758 659 matronis
786 618 1006 671 persoluto
1034 632 1083 659 ex
1110 633 1170 668 eo,
1203 618 1315 672 quod
1343 621 1574 672 supererat,
1606 621 1695 660 tres

91 688 111 718 3
140 679 311 731 paterae
351 690 502 717 aureae
540 676 678 718 factae
719 677 824 730 sint,
863 691 968 731 quas
1008 691 1102 718 cum
1142 677 1272 718 titulo
1304 677 1491 718 nominis
1524 676 1696 720 Camilli

140 738 238 775 ante
277 733 541 788 Capitolium
577 735 799 776 incensum
844 735 888 776 in
927 735 1041 776 Iovis
1081 736 1188 777 cella
1226 738 1397 777 constat
1433 738 1532 777 ante
1569 736 1698 790 pedes

137 793 311 834 Iunonis
343 794 508 847 positas
542 793 687 835 fuisse.

257 851 322 893 Eo
356 867 466 894 anno
501 853 542 893 in
577 853 793 893 civitatem
822 852 997 906 accepti,
1030 852 1099 906 qui
1121 851 1369 894 Veientium
1397 851 1699 907 Capenatium-

139 925 219 964 que
267 925 314 952 ac
353 910 616 952 Faliscorum
656 925 731 964 per
770 925 820 952 ea
858 911 971 951 bella
1016 911 1338 966 transfugerant
1376 911 1428 952 ad
1469 911 1702 966 Romanos,

92 981 112 1011 5
141 983 325 1023 agerque
351 970 418 1010 his
445 970 571 1011 novis
599 969 762 1011 civibus
784 969 1048 1024 adsignatus,
1091 970 1279 1010 revocati
1299 984 1466 1024 quoque
1486 971 1532 1011 in
1552 971 1701 1012 urbem

141 1031 312 1069 senatus
346 1029 541 1070 consulto
577 1043 600 1069 a
627 1027 744 1081 Veis,
777 1028 848 1082 qui
881 1028 1133 1070 aedificandi
1165 1027 1328 1070 Romae
1359 1029 1549 1084 pigritia,
1582 1043 1702 1071 occu·

138 1087 253 1140 patis
280 1087 339 1128 ibi
370 1088 512 1128 vacuis
539 1087 677 1140 tectis,
705 1086 836 1128 Veios
865 1102 908 1128 se
942 1087 1224 1128 contulerant.
1269 1089 1312 1128 et
1337 1088 1476 1141 primo
1502 1087 1701 1129 fremitus

137 1146 221 1186 fuit
252 1146 575 1199 aspernantium
608 1146 853 1200 imperium3
887 1145 977 1187 dies
1012 1145 1161 1186 deinde
1193 1147 1453 1199 praestituta
1486 1146 1700 1201 capitalis-

186 1266 239 1296 10.
302 1262 342 1295 in
387 1261 594 1307 custodias]
646 1262 684 1295 in
728 1262 882 1296 Wacht-

138 1308 279 1348 lokale,
314 1308 346 1342 d.
374 1309 409 1343 h.
443 1309 482 1342 in
517 1309 780 1343 verschiedene
814 1309 882 1343 Ge-

137 1355 258 1390 bande
290 1355 354 1389 der
389 1355 513 1398 Stadt,
547 1355 686 1390 welche
719 1367 782 1389 zur
812 1355 880 1389 Be-

137 1404 323 1445 wachung
349 1402 414 1436 der
433 1401 801 1447 Kriegsgefangenen
821 1403 881 1436 be-

138 1450 244 1483 nutzt
270 1449 430 1483 wurden.

185 1495 222 1532 4.
253 1500 281 1530 1.
308 1497 421 1530 trium
440 1496 548 1530 simul
561 1496 747 1541 bellormn]
768 1496 883 1531 n'aml.

137 1543 206 1576 mit
250 1543 320 1577 den
358 1543 543 1577 Volskern
587 1543 693 1587 (Kap.
734 1546 771 1586 2,
813 1545 881 1587 13),

138 1590 311 1634 Aequern
338 1591 386 1634 (2,
415 1591 471 1634 14)
498 1589 571 1623 und
598 1589 812 1624 Etruskern.

186 1638 355 1671 bellorum
389 1637 519 1682 victor]
565 1636 648 1679 Vgl.
682 1640 744 1679 45,
772 1640 833 1680 36,
863 1641 880 1670 7

136 1684 182 1718 L.
224 1684 384 1718 Paulum
429 1685 524 1718 tanti
568 1684 651 1717 belli
693 1684 860 1718 victorem
870 1697 882 1725 ,-

137 1729 221 1766 Tac.
249 1732 343 1765 Ann.
371 1734 403 1773 4,
433 1734 474 1765 18
509 1730 764 1765 Sacroviriani
800 1730 883 1765 belli

136 1778 259 1812 vietor.

185 1828 216 1858 2.
267 1825 332 1859 sub
365 1824 487 1870 hasta]
527 1823 582 1859 oft
619 1823 690 1857 mit
721 1825 880 1867 vendere,

137 1872 274 1913 venire,
304 1872 522 1906 venumdare
547 1871 775 1914 verbunden,
814 1871 879 1906 Be-

138 1919 344 1962 zeichnung
383 1919 448 1952 der
478 1917 769 1962 Versteigerung
806 1929 879 1953 von

138 1964 341 2010 Staatsgut‚
366 1965 595 1999 namentlich
622 1965 879 2009 Kriegsbeute3

136 2011 219 2046 weil
258 2012 367 2046 dabei
406 2012 466 2046 ein
504 2011 626 2056 Spiess
664 2011 881 2056 aufgestellt

137 2059 273 2093 wurde.
319 2063 352 2101 4,
373 2062 429 2100 29,
451 2063 482 2092 4.
528 2063 559 2100 5,
582 2062 636 2101 16,
659 2063 689 2093 7.

184 2106 376 2150 matronis]
405 2105 464 2140 Sie
491 2106 621 2140 hatten
648 2109 715 2139 395
743 2117 775 2139 v.
798 2103 879 2140 Chr.

138 2151 232 2187 Gold
261 2152 602 2196 zusammengelegt
626 2151 686 2185 fiir
705 2152 770 2186 das
798 2152 882 2186 dem

139 2198 881 2243 delphischenApollobestimmteWeih-

138 2246 325 2289 geschenk
353 2248 400 2289 (5,
428 2249 483 2287 25,
513 2247 586 2289 10);
624 2246 720 2279 auch
746 2244 819 2290 vgl.
848 2249 880 2289 5,

139 2296 194 2335 50,
217 2296 235 2327 7
263 2303 341 2327 eum
361 2294 402 2326 in
422 2293 570 2337 publico
590 2293 717 2326 deesset
737 2303 881 2334 aunon,

138 2350 181 2374 επ
196 2350 264 2384 quo
279 2350 419 2374 summa
432 2342 564 2383 pactae
577 2340 746 2374 mercedis
763 2338 883 2373 Gallis

139 2387 322 2428 confieret,
356 2398 379 2420 α
410 2387 586 2421 matronis
620 2386 789 2420 collatum
824 2397 881 2420 ae-

140 2437 318 2477 ceperant‚
340 2437 380 2467 ut
399 2443 501 2467 sacro
516 2443 606 2467 auro
622 2433 882 2474 abstineretur,-

138 2479 227 2514 ibid.
250 2484 270 2514 6
297 2491 440 2522 aarum,
465 2481 559 2524 quod
582 2479 701 2514 Gallis
724 2482 882 2522 ereptum

139 2530 227 2570 erat,
253 2538 397 2562 sacrum
421 2537 522 2561 omne
541 2527 745 2561 iudicatum
764 2530 796 2560 et
814 2527 881 2561 sub

140 2574 243 2608 Iovis
267 2574 355 2608 sella
375 2574 468 2619 poni
493 2575 641 2608 iussum.

187 2623 218 2655 3.
268 2621 374 2655 titulo
411 2621 584 2666 nominis]
634 2618 880 2654 Namensauf-

139 2667 279 2702 schrift.

188 2714 408 2757 Capitolium
416 2714 616 2760 incensum]
627 2714 697 2747 Am
707 2717 737 2748 6.
748 2711 881 2754 Quinc-

139 2759 216 2794 tilis
243 2763 287 2795 83
315 2773 347 2795 v.
375 2760 457 2795 Chr.
484 2761 609 2795 wurde
636 2760 695 2795 ein
714 2760 796 2794 Teil
816 2759 881 2794 des

139 2805 309 2850 Kapitols
348 2807 463 2841 durch
503 2808 609 2842 einen
644 2806 767 2841 Brand
805 2817 881 2840 zer-

140 2854 243 2888 sto'rt.
293 2853 367 2889 Der
392 2854 549 2889 Neubau
578 2854 641 2889 des
667 2852 880 2897 kapitolini-

956 1262 1067 1296 schen
1098 1260 1271 1305 Tempels
1309 1261 1434 1296 wurde
1474 1264 1518 1296 69
1550 1273 1584 1296 v.
1618 1260 1701 1296 Chr.

956 1307 1157 1343 vollendet.

1002 1356 1044 1389 in
1069 1355 1169 1389 Iovis
1189 1355 1292 1400 cella]
1320 1355 1392 1389 Der
1410 1353 1701 1400 kapitolinische

955 1401 1109 1446 Tempel
1134 1401 1291 1436 enthielt
1316 1401 1394 1436 drei
1420 1402 1536 1436 durch
1555 1401 1700 1436 Wande

956 1448 1200 1492 geschiedene
1226 1448 1418 1492 Kapellen,
1446 1448 1510 1483 des
1530 1447 1703 1493 Juppiter

957 1494 1127 1539 Optimus
1160 1495 1359 1538 Maximus,
1400 1495 1464 1530 der
1495 1495 1591 1530 Juno
1626 1496 1702 1530 und

955 1542 1133 1577 Minerva.
1184 1542 1234 1576 Es
1261 1541 1406 1576 scheint
1431 1542 1526 1577 nach
1550 1553 1703 1577 unser-er

956 1588 1083 1631 Stelle,
1109 1588 1188 1623 dass
1208 1589 1246 1623 in
1266 1589 1332 1623 der
1351 1590 1440 1624 cella
1460 1590 1563 1624 Iovis
1581 1589 1702 1624 neben

955 1636 976 1670 J
982 1635 1128 1680 uppiter
1179 1636 1273 1670 auch
1321 1635 1417 1671 Juno
1467 1635 1533 1671 auf
1579 1636 1700 1671 einem

955 1682 1100 1717 Thi-one
1128 1682 1213 1717 sass.

1002 1734 1034 1764 4.
1061 1731 1102 1764 in
1120 1730 1315 1776 civitatem]
1344 1728 1402 1764 ins
1423 1729 1520 1765 volle
1540 1729 1702 1775 Biirger·

955 1777 1070 1811 recht.

997 1835 1065 1867 per
1089 1834 1131 1858 ea
1151 1823 1259 1869 bella]
1286 1823 1460 1858 wahrend
1479 1824 1544 1858 der
1563 1822 1700 1869 Kriege

954 1870 1022 1904 mit
1049 1870 1149 1915 Veji,
1187 1870 1334 1915 Capena
1365 1870 1442 1905 und
1467 1869 1605 1905 Falerii
1631 1874 1699 1905 396

954 1921 1069 1952 -395
1096 1929 1129 1952 v,
1158 1916 1241 1952 Chr.

1001 1964 1293 2010 trcmsfuyerant]
1337 1965 1413 1998 Aus
1449 1962 1578 1998 diesen
1602 1963 1698 1998 Neu-

953 2011 1116 2056 btirgern
1137 2011 1287 2045 wurden
1307 2011 1521 2045 zweiJahre
1534 2011 1700 2045 nachher

953 2058 1042 2102 (vgl.
1075 2058 1167 2102 Kap.
1204 2062 1240 2101 5,
1267 2058 1304 2102 8)
1334 2057 1412 2092 vier
1442 2068 1536 2092 neue
1568 2056 1700 2092 Tribus

956 2104 1143 2139 errichtet.
1181 2104 1229 2138 Es
1255 2103 1337 2138 sind
1363 2104 1477 2139 daher
1496 2104 1576 2139 hier
1594 2103 1699 2138 nicht

955 2151 1121 2186 einzelne
1147 2150 1388 2185 Ueberlaufer
1413 2151 1589 2196 gemeint‚
1616 2161 1698 2186 son-

954 2199 1043 2232 dern
1064 2197 1145 2233 eine
1166 2197 1285 2242 grosse
1307 2198 1397 2231 Zahl
1417 2199 1482 2232 der
1495 2198 1700 2233 Bewohner

955 2244 1019 2279 des
1056 2243 1229 2279 Gebietes
1268 2245 1332 2279 der
1370 2244 1450 2279 drei
1488 2245 1699 2290 genannten

956 2291 1106 2335 stasne,
1152 2291 1292 2326 welche
1336 2304 1379 2326 zu
1422 2291 1494 2326 den
1536 2290 1699 2326 Romern

954 2338 1217 2383 fibergetreten
1243 2349 1328 2374 war.

1003 2385 1234 2430 adsignatus]
1255 2384 1341 2419 weil
1360 2384 1457 2420 noch
1477 2385 1619 2420 damals
1639 2384 1699 2420 die

956 2431 1127 2476 Stellung
1165 2432 1230 2466 der
1254 2432 1464 2466 romischen
1495 2433 1637 2476 Biirger
1661 2433 1700 2466 in
1751 2445 1763 2455 -ν

955 2479 1026 2512 den
1070 2479 1228 2513 Klassen
1278 2479 1457 2513 zunachst
1498 2489 1571 2513 von
1615 2479 1699 2513 dem

954 2524 1082 2559 Werte
1125 2525 1223 2559 ihres
1262 2524 1598 2571 Grundeigentums
1635 2526 1698 2560 ab·

954 2570 1096 2616 hangig
1121 2583 1207 2606 war.

1003 2622 1034 2652 5.
1050 2631 1073 2653 a
1089 2618 1186 2664 Veis]
1202 2618 1308 2652 Nom.
1326 2618 1402 2662 Vei,
1417 2618 1504 2653 Gen.
1515 2618 1697 2662 Veiorum,
1755 2641 1758 2643 -

954 2665 1028 2699 Dat
1065 2665 1159 2706 Veis,
1186 2666 1270 2699 Acc.
1298 2665 1411 2700 Veios.

995 2712 1169 2756 piyritia]
1199 2711 1484 2765 ‘Widerwillenf
1507 2711 1584 2765 'mit
1603 2711 1694 2766 Gen.

953 2757 1050 2848 ῗὸῗϊὲ
1073 2758 1303 2850 Ῑῖῗίνιέᾖιῗιξε,
1323 2758 1635 2848 ἓεέεῐὶὶἴὲιέἓῗαηάι,
1661 2761 1694 2802 5²

995 2851 1232 2897 praestituta]
1267 2851 1379 2886 n'aml.
1411 2852 1460 2886 ad
1495 2852 1696 2898 remigran-

1783 75 1794 130 f
