1794 3084
133 254 152 284 2

132 432 152 463 3

179 135 235 176 82
729 133 872 168 LIBER
897 133 939 170 V.
985 133 1085 168 CAP.
1114 138 1169 169 45.
1531 151 1556 170 a.
1577 152 1605 170 u.
1626 151 1649 170 c.
1669 145 1736 172 364.

178 244 317 298 primo
351 243 521 285 silentio
553 242 692 284 noetis
719 241 772 282 ad
804 244 951 296 portas
979 241 1163 284 Camillo
1190 244 1362 296 pra-esto
1390 242 1517 284 fuere.
1569 243 1728 298 egressi

179 302 293 344 haud
324 303 470 356 procul
504 301 619 354 urbe,
651 300 761 342 sicut
791 301 1056 355 praedictum
1088 303 1194 352 erat,
1237 303 1378 342 castra
1410 299 1634 343 Gallorum
1664 301 1726 343 in-

179 364 272 402 tuta
309 361 588 416 neglectaque
627 359 679 400 ab
720 359 835 401 omni
878 363 998 413 parte
1036 360 1151 401 nacti
1193 374 1288 401 cum
1332 360 1497 415 ingenti
1541 360 1730 402 clamore

180 420 398 462 invadunt.
458 433 667 473 nusquam
699 419 920 473 proelium,
951 418 1148 460 omnibus
1181 419 1286 460 locis
1318 419 1466 460 caedes
1499 421 1584 473 est3
1615 419 1730 461 nuda

181 493 358 533 corpora
395 481 437 519 et
475 478 614 519 soluta
647 491 794 519 somno
827 477 1106 519 trucidantur.
1169 480 1380 519 extremos
1418 480 1565 519 tamen
1595 492 1731 533 pavor

181 537 390 579 cubilibus
429 537 516 578 suis
555 536 735 591 excitos,
779 551 885 591 quae
925 540 999 578 aut
1036 537 1146 578 unde
1185 537 1248 578 vis
1291 538 1420 590 esset,
1463 537 1638 592 ignaros
1683 537 1729 578 in

180 597 327 651 fugam
361 598 402 636 et
433 595 641 650 quosdam
672 596 715 636 in
747 595 916 637 hostem
949 596 1089 650 ipsum
1122 595 1384 650 improvidos
1415 596 1534 649 tulit3
1572 609 1731 650 magna

180 670 276 709 pars
316 655 359 695 in
399 669 548 710 agrum
590 655 807 695 Antiatem
851 654 979 696 delati
1025 655 1272 696 excursione
1316 655 1370 696 ab
1415 654 1641 709 oppidanis
1685 655 1729 696 in

181 715 350 768 palatos
383 713 499 755 facta
531 714 929 755 circumveniuntur.

299 772 460 814 Similis
492 773 536 814 in
568 787 670 828 agro
702 771 876 814 Veienti
908 772 1144 813 Tuscorum
1181 772 1296 814 facta
1335 775 1500 827 strages
1540 774 1622 825 est,
1660 771 1733 827 qui

182 832 300 873 urbis
332 832 419 873 iam
451 846 583 886 prope
612 831 1082 886 quadringentesimum
1109 846 1266 872 annum
1292 831 1468 886 vicinae,
1501 845 1732 886 oppressae

183 892 234 932 ab
267 892 391 932 hoste
423 891 662 944 invisitato,
700 890 910 941 inaudito,
949 890 1054 931 adeo
1092 891 1198 931 nihil
1237 890 1417 931 miseriti
1456 894 1571 944 sunt,
1609 890 1734 931 utin

182 964 332 1005 agrum
379 950 620 991 Romanum
666 964 713 991 eo
757 952 949 1004 tempore
993 949 1256 991 incursiones
1301 949 1491 990 facerent
1533 948 1735 1003 plenique

181 1009 364 1063 praedae
402 1008 533 1050 Veios
573 1009 702 1049 etiam
747 1008 1110 1062 praesidiumque,
1155 1023 1274 1063 spem
1318 1007 1515 1049 ultimam
1551 1006 1734 1049 Romani

182 1068 378 1122 nominis,
411 1068 456 1108 in
489 1068 630 1109 animo
663 1067 892 1109 habuerint
924 1081 1182 1122 oppugnare.
1241 1067 1436 1108 viderant
1469 1080 1540 1108 eos
1573 1066 1732 1108 milites

181 1127 364 1169 Romani
406 1128 613 1181 vagantes
652 1141 728 1181 per
767 1140 892 1181 agros
935 1129 978 1167 et
1018 1129 1279 1181 congregato
1322 1126 1491 1181 agmine
1533 1124 1733 1180 praedam

182 1200 282 1240 prae
316 1201 358 1227 se
391 1189 587 1240 agentes,
619 1189 661 1226 et
691 1189 831 1227 castra
864 1185 1090 1226 cernebant
1122 1185 1234 1226 haud
1266 1185 1415 1239 procul
1447 1184 1550 1226 Veis
1577 1184 1731 1238 posita.

182 1245 277 1286 inde
309 1245 493 1299 primum
526 1245 742 1285 miseratio
777 1245 857 1296 sui,
900 1244 1049 1285 deinde
1081 1244 1315 1299 indignitas
1350 1247 1475 1299 atque
1509 1258 1557 1285 ex
1590 1258 1639 1284 ea
1670 1243 1736 1284 ira

182 1305 346 1345 animos
379 1304 508 1358 cepit:
552 1303 802 1345 Etruscisne
835 1304 977 1357 etiam,
1011 1318 1033 1343 a
1067 1303 1218 1357 quibus
1253 1302 1413 1344 bellum
1445 1302 1658 1344 Gallicum
1690 1302 1734 1342 in

184 1377 227 1404 se
273 1363 546 1416 avertissent,
589 1362 774 1404 ludibrio
826 1377 918 1404 esse
963 1362 1102 1403 clades
1149 1362 1275 1403 suas?
1332 1362 1401 1402 vix
1444 1364 1736 1416 temperavere

183 1422 350 1475 animis,
383 1422 484 1476 quin
517 1422 731 1475 extemplo
764 1422 968 1475 impetum
1002 1420 1210 1474 facerent3
1244 1421 1478 1475 compressi
1508 1435 1532 1462 a
1559 1419 1606 1469 Q.
1632 1418 1735 1461 an-

182 1481 291 1522 dicio
313 1481 572 1534 centurione,
599 1495 723 1535 quem
746 1481 917 1521 sibimet
942 1481 1025 1534 ipsi
1052 1480 1356 1533 praefecerant,
1382 1494 1471 1520 rem
1497 1479 1539 1520 in
1566 1481 1735 1520 noctem

183 1540 435 1582 sustinuere.
497 1542 665 1580 tantum
706 1554 783 1594 par
815 1538 999 1580 Camillo
1034 1538 1171 1580 defuit
1208 1541 1375 1593 auctor3
1414 1541 1555 1579 cetera
1587 1538 1734 1580 eodem

230 1659 262 1690 2.
284 1655 421 1701 castra]
443 1667 484 1689 zu
498 1655 700 1690 verbinden
720 1653 791 1689 mit
807 1655 907 1690 nacti
915 1669 923 1697 3

183 1703 353 1748 dagegen
402 1703 585 1737 invadunt
628 1703 727 1737 steht
777 1702 925 1736 absolut

183 1750 270 1795 (vgl.
298 1749 389 1794 Kap.
420 1753 472 1793 13,
500 1751 546 1793 2).

229 1797 370 1843 intuta]
399 1814 441 1825 =
468 1797 545 1831 sinc
569 1798 801 1839 munimento,
831 1797 922 1841 Kap.

182 1848 238 1888 44,
267 1849 297 1880 6.

234 1908 265 1938 3.
315 1904 435 1938 soluta
477 1903 614 1949 somno]

187 1950 315 1985 Schlaf
333 1950 564 1985 entkr'aftet'.
599 1950 683 1994 vgl.
704 1962 732 1984 Ζ.
754 1949 794 1983 B.
814 1949 925 1994 Verg.

185 1997 277 2032 Aen.
306 2001 364 2042 12,
395 2001 460 2032 951
494 1999 552 2032 illi·
577 1999 768 2032 soh-untur
792 1997 928 2043 frigore

186 2046 358 2086 membra3
398 2044 495 2079 Curt.
523 2048 562 2087 8,
591 2049 628 2087 9,
662 2049 705 2079 32
738 2056 801 2079 nec
831 2045 928 2078 ullus

186 2092 412 2136 corporibus,
466 2103 557 2136 quae
605 2095 762 2126 senectus
811 2092 928 2134 solvit,

186 2139 298 2173 honos
322 2139 497 2173 redditur.
534 2138 606 2172 Der
629 2137 759 2172 Schlaf
780 2137 930 2172 hindert

187 2186 246 2220 die
281 2185 501 2229 Thatigkeit
539 2185 602 2220 des
638 2185 816 2229 Korpers,
854 2185 927 2219 lost

186 2233 285 2267 seine
314 2232 444 2267 Krafte
471 2231 551 2276 auf,
584 2231 733 2266 {ihnlich
760 2231 828 2266 wie
862 2232 926 2266 der

186 2279 274 2313 Tod.

233 2326 419 2372 extremos]
470 2325 543 2360 ‘die
581 2317 823 2369 Aussersten',
862 2337 926 2360 na-

185 2372 365 2408 mentlich
403 2374 468 2408 auf
504 2373 568 2407 der
607 2374 690 2407 dem
737 2372 825 2407 Orte
862 2373 926 2406 des

187 2419 352 2465 Angriffs
379 2419 789 2465 gegenfiberliegenden
815 2419 924 2456 Seite.

674 1903 683 1917 ‘
695 1903 810 1937 durch
855 1904 925 1937 den

234 2480 470 2525 improvidos]
518 2478 765 2524 ‘blindlings’.
834 2479 925 2513 Dem

185 2528 356 2571 quosdam
384 2554 415 2561 ..
433 2554 440 2561 .
466 2528 687 2571 improvidos
723 2525 927 2570 entspricht

185 2574 232 2608 im
266 2573 478 2618 Folgenden
505 2585 639 2618 mayna
659 2584 760 2619 pars.

233 2636 264 2668 4.
305 2634 392 2667 adeo
418 2631 527 2677 nihil]
561 2649 605 2660 =
638 2633 725 2666 adeo
750 2643 840 2674 non,
872 2633 926 2666 ita

184 2690 270 2722 non,
299 2679 353 2713 ‘so
380 2678 514 2723 wenig’
546 2682 590 2722 (3,
618 2683 649 2720 2,
678 2681 722 2721 6).

232 2727 438 2772 habuerint]
475 2726 594 2761 neben
619 2727 788 2769 facerent.
841 2726 923 2772 Vgl.

185 2773 276 2817 Kap.
304 2777 359 2817 28,
389 2777 441 2807 12.

235 2835 265 2867 5.
282 2832 466 2877 vagantes]
484 2831 579 2865 ‘hin-
589 2831 663 2866 und
676 2831 923 2875 herstreifen’,

188 2878 290 2913 nicht
309 2879 348 2912 in
367 2878 597 2914 bestimmter
616 2878 812 2922 Richtung.
849 2877 923 2912 Das

996 1654 1105 1688 Wort
1143 1653 1310 1688 schliesst
1346 1653 1451 1688 nicht
1489 1654 1560 1688 den
1597 1650 1742 1697 Begriff

998 1701 1062 1735 der
1082 1701 1328 1746 Zerstreuung
1354 1702 1391 1736 in
1417 1701 1495 1735 sich
1523 1700 1607 1746 (wie
1628 1701 1738 1744 pala·

996 1751 1061 1792 tos)
1100 1747 1175 1782 und
1219 1749 1321 1783 steht
1362 1748 1468 1783 nicht
1503 1747 1555 1782 im
1591 1746 1735 1782 Wider-

998 1796 1132 1840 spruch
1158 1807 1200 1829 zu
1226 1799 1438 1842 conyreqato
1464 1796 1616 1841 aymine.

1046 1847 1076 1877 6.
1092 1843 1311 1889 indiynitas]
1332 1842 1509 1877 zuweilen
1532 1841 1734 1877 ‘Unwille’.

999 1894 1029 1933 7,
1058 1893 1094 1933 7,
1123 1894 1142 1924 2
1177 1891 1296 1933 plenis
1327 1891 1404 1925 irae
1435 1893 1540 1934 atque
1570 1889 1735 1934 indiyni-

1000 1938 1086 1972 tatis
1111 1938 1266 1972 rnilitum
1291 1938 1435 1972 animis.

1047 1985 1261 2020 Etruscisne
1295 1985 1380 2030 etc.]
1419 1983 1534 2028 Frage
1567 1984 1630 2018 des
1662 1983 1735 2017 Un-

1000 2031 1160 2074 willens,
1198 2031 1237 2065 in
1272 2032 1336 2065 der
1363 2030 1489 2066 Oratio
1515 2030 1667 2074 obliqua
1697 2030 1734 2064 in

1001 2078 1073 2112 den
1097 2078 1182 2113 Acc.
1210 2089 1239 2113 c.
1266 2078 1331 2113 Inf.
1359 2079 1515 2122 gesetzt:
1554 2081 1586 2120 3,
1612 2081 1675 2121 48,
1701 2080 1735 2111 8.

1049 2125 1275 2170 avertissent]
1304 2125 1387 2160 weil
1407 2124 1468 2159 die
1483 2124 1622 2159 Gallier
1641 2124 1737 2159 nach

1003 2171 1067 2206 der
1098 2171 1302 2206 Einnahme
1338 2183 1409 2206 von
1441 2170 1606 2206 Clusium
1641 2171 1736 2206 auch

999 2218 1135 2253 andere
1179 2219 1408 2254 etruskische
1453 2218 1581 2253 Stiidte
1625 2229 1734 2263 ange-

999 2265 1129 2308 griffen
1178 2266 1301 2300 haben
1353 2266 1501 2300 wiirden
1552 2264 1740 2309 (Volsinii,

999 2312 1208 2358 Salpinum,
1240 2312 1399 2358 Nepete,
1433 2311 1613 2358 Sutrium,
1645 2311 1734 2347 Tar-

998 2360 1140 2404 quinii).

1048 2411 1077 2441 7.
1128 2408 1330 2453 compressi]
1384 2406 1737 2451 ‘zu1·iickgehalten‚

999 2454 1311 2498 beschwi‹:htigt’.
1365 2458 1417 2497 10,
1446 2458 1500 2496 11,
1526 2458 1564 2489 5:
1603 2454 1734 2488 adven—

999 2505 1056 2535 tus
1081 2502 1158 2536 eius
1183 2504 1387 2546 compressit
1412 2501 1599 2536 Etruscos.

1041 2549 1306 2594 praefecerant]
1340 2547 1505 2583 offenbar
1535 2559 1613 2591 nur,
1651 2546 1733 2582 weil

998 2594 1084 2629 kein
1104 2595 1291 2638 Feldherr,
1319 2595 1352 2629 d.
1372 2595 1406 2630 h.
1427 2595 1514 2629 kein
1532 2594 1732 2630 Konsular-

997 2642 1132 2685 tribun,
1158 2641 1197 2675 in
1223 2642 1305 2687 Veji
1332 2652 1407 2676 war
1433 2642 1540 2686 (Kap.
1560 2645 1617 2684 46,
1638 2642 1684 2686 5).

1043 2689 1259 2735 sustinuere]
1301 2689 1435 2732 ‘zogen
1471 2715 1478 2722 .
1508 2717 1514 2724 .
1544 2716 1551 2723 .
1589 2688 1731 2732 hinaus,

997 2735 1253 2771 verschoben’.
1305 2740 1338 2779 3,
1365 2739 1421 2779 60,
1451 2740 1467 2769 1
1497 2747 1528 2769 u.
1558 2738 1614 2778 65,
1641 2739 1672 2770 6.

1044 2786 1074 2817 8.
1102 2783 1242 2828 auctor]
1271 2783 1412 2818 Ffihrer
1431 2785 1486 2826 23,
1508 2786 1565 2826 32,
1591 2786 1612 2817 9
1637 2781 1736 2817 nihil

995 2830 1107 2864 deesse
1145 2831 1248 2864 uliud
1291 2841 1397 2874 quam
1440 2833 1638 2874 auctorem,
1681 2828 1734 2864 ad

995 2888 1095 2921 quem
1120 2878 1313 2920 deficerent.
