1794 3084
94 469 135 500 13

92 586 135 616 14

91 819 132 850 15

91 995 134 1027 16

92 1113 132 1143 17

90 1405 131 1436 18

164 117 219 158 86
711 117 851 152 LIBER
878 117 939 153 VI.
984 117 1085 153 CAP.
1111 121 1167 154 40.
1523 133 1548 152 a.
1566 128 1715 153 u.c.386.

164 225 309 265 iubeat
346 227 420 266 aut
459 223 727 265 mortiferum
766 224 885 265 vitali
924 224 1170 267 admisceat.
1232 238 1333 280 ergo
1367 223 1403 265 si
1435 227 1549 265 esset
1578 223 1715 266 libera

162 283 270 324 haec
302 283 465 335 civitas,
498 297 584 324 non
609 282 690 322 tibi
716 282 960 336 frequentes
989 283 1321 324 succlamassent
1353 281 1455 324 “abi
1487 282 1587 324 hinc
1619 296 1714 324 cum

162 341 451 382 tribunatibus
485 355 532 381 30
572 341 869 395 rogationibus
909 339 1059 382 tuis'3‘?
1093 342 1221 395 quid?
1274 342 1310 382 si
1347 343 1395 381 tu
1433 355 1521 382 non
1553 340 1715 393 tuleris,

163 400 275 453 quod
308 399 577 440 commodum
626 401 689 440 est
720 399 879 453 populo
914 400 1117 454 accipere,
1161 414 1285 441 nemo
1326 399 1418 452 erit,
1461 399 1534 454 qui
1576 398 1715 440 ferat?

1767 0 1794 74 1

1775 141 1794 202 f'

163 457 268 498 illud
302 458 334 498 si
371 458 463 511 quis
495 457 714 511 patricius,
753 458 788 498 si
822 458 915 512 quis
950 482 1003 486 —
1038 458 1150 512 quod
1189 458 1252 499 illi
1283 458 1432 499 volunt
1462 457 1714 499 invidiosius
1784 486 1791 491 ,.

164 530 256 557 esse
284 540 330 544 —
356 515 556 557 Claudius
592 516 759 570 diceret,
795 515 900 557 “aut
932 517 1074 557 01111113
1107 517 1302 570 accipite,
1335 518 1409 557 aut
1439 515 1549 556 nihil
1581 514 1716 566 fero'',

162 575 254 628 quis
300 576 503 626 vestrum,
549 573 748 628 Quirites,
791 574 951 616 ferret?
1013 589 1301 629 numquamne
1344 589 1421 615 vos
1461 587 1529 615 res
1573 574 1715 628 potius
1786 577 1794 589 ⁴

162 648 289 686 quam
312 635 508 674 auctores
531 633 791 686 spectabitis,
818 633 891 686 sed
918 634 1063 674 omnia
1090 647 1272 687 semper,
1300 647 1408 687 quae
1434 632 1715 687 magistratus

160 691 234 733 ille
279 691 400 741 dicet,
446 691 639 732 secundis
679 691 866 745 auribus,
909 706 1017 746 quae
1057 692 1110 733 ab
1149 695 1344 733 nostrum
1383 705 1465 746 quo
1511 691 1714 744 dicentur,

161 750 350 791 adversis
386 750 633 803 accipietis?

279 808 338 849 At
369 808 542 849 hercule
576 823 713 849 sermo
748 811 813 849 est
839 808 1012 849 minime
1034 808 1189 862 civilis3
1223 808 1353 862 quid?
1386 807 1556 862 rogatio
1578 807 1714 862 qualis

161 870 236 920 est,
270 881 397 920 quam
432 882 456 907 a
489 866 611 907 vobis
645 867 915 921 antiquatam
941 867 1253 921 indignantur?
1287 865 1484 918 sermoni,
1517 865 1715 916 Quirites,

160 925 389 966 simillima.
430 924 687 966 “consules''
709 925 849 979 inquit
871 925 1020 980 “i-ogo,
1040 940 1092 966 ne
1119 926 1254 979 vobis,
1275 938 1380 979 quos
1405 924 1557 974 velitis,
1575 924 1716 966 facere

160 983 330 1026 liceat''.
382 999 435 1025 an
464 984 587 1025 aliter
612 987 751 1039 rogat,
785 985 856 1038 qui
882 984 1029 1038 utique
1057 984 1238 1025 alterum
1265 997 1316 1024 ex
1342 983 1465 1036 plebe
1495 982 1588 1024 fieri
1620 997 1717 1024 con-

162 1043 297 1083 sulem
329 1043 449 1084 iubet
479 1057 555 1084 nec
587 1043 692 1083 duos
724 1043 930 1097 patricios
964 1042 1136 1083 creandi
1175 1045 1433 1096 potestatem
1472 1041 1593 1082 vobis
1626 1055 1718 1095 per-

161 1101 324 1142 mittit?
370 1101 406 1142 si
451 1101 576 1142 hodie
620 1101 735 1142 bella
775 1101 872 1154 sint,
920 1102 1042 1155 quale
1083 1100 1315 1142 Etruscum
1354 1099 1449 1152 fuit,
1487 1113 1583 1141 011111
1614 1099 1718 1141 Ρο1-

161 1174 294 1201 senna
331 1159 571 1201 Ianiculum
607 1160 782 1210 insedit,
822 1160 946 1213 quale
980 1159 1193 1201 Gallicum
1231 1158 1377 1209 modo,
1415 1172 1511 1199 cum
1548 1160 1718 1212 praeter
1785 1190 1791 1195 .

161 1217 424 1272 Capitolium
457 1222 582 1272 atque
615 1232 754 1259 arcem
798 1219 941 1260 omnia
983 1218 1087 1259 11300
1127 1218 1315 1259 hostium
1355 1219 1489 1270 erant,
1533 1219 1575 1257 et
1617 1230 1718 1258 con-

161 1276 347 1317 sulatum
382 1291 476 1318 cum
507 1277 589 1318 hoc
615 1276 670 1317 M.
694 1276 821 1318 Furio
856 1280 898 1318 et
926 1276 1119 1331 quolibet
1152 1276 1236 1318 alio
1269 1289 1319 1316 ex
1350 1275 1547 1329 patribus
1572 1274 1619 1317 L.
1643 1274 1717 1316 ille

162 1334 330 1376 Sextius
364 1338 540 1389 peteret,
573 1335 814 1389 possetisne
847 1335 959 1376 ferre
987 1335 1178 1376 Sextium
1209 1334 1324 1375 haud
1355 1347 1433 1387 pro
1461 1333 1590 1374 dubio
1619 1346 1715 1374 0011-

160 1393 250 1434 011Ιο
284 1407 387 1446 0000,
420 1393 645 1434 Camillum
679 1393 730 1434 de
762 1394 933 1447 repulsa
966 1393 1193 1434 dimicare?
1248 1392 1399 1433 hocine
1432 1394 1496 1433 est
1527 1391 1571 1433 in
1603 1405 1714 1433 00111-

158 1465 285 1493 mune
329 1452 512 1493 honores
557 1466 718 1504 vocare,
763 1455 811 1493 ut
849 1451 953 1493 duos
992 1451 1181 1505 plebeios
1225 1450 1318 1492 fieri
1350 1450 1546 1492 consules
1579 1450 1720 1502 liceat,
1784 1452 1786 1454 ’

158 1602 222 1636 das
272 1602 395 1636 Leben
451 1602 666 1644 erhaltend,
724 1600 898 1636 1101111110-

157 1649 266 1694 gend.

974 1600 1054 1635 ihre
1069 1600 1170 1638 ,Rede
1186 1599 1311 1644 (n'aml.
1327 1601 1393 1635 aut
1413 1600 1538 1634 omnia
1556 1600 1717 1644 aecipite,

975 1651 1039 1682 aut
1069 1648 1164 1681 nihil
1188 1648 1277 1690 fero)
1314 1645 1409 1681 auch
1434 1657 1502 1691 gar
1526 1645 1631 1680 nicht
1655 1646 1719 1680 de-

206 1695 335 1740 libera]
351 1706 422 1730 von
436 1695 500 1729 der
520 1695 782 1739 despotischen
795 1694 901 1729 Herr-

158 1742 278 1777 schaft
304 1742 368 1777 der
396 1741 698 1777 Volkstribunen.

202 1789 293 1835 own]
323 1806 366 1817 =
391 1799 522 1832 nonne,
559 1789 640 1823 eine
672 1789 791 1833 Frage
827 1788 902 1822 ein—

156 1836 307 1871 leitend.

206 1887 258 1916 14.
297 1882 464 1917 secundis
507 1882 682 1927 auribus]
727 1881 902 1916 Derselbe

156 1929 353 1964 Ausdruck
384 1928 499 1963 findet
531 1927 610 1962 sich
642 1928 735 1963 auch
769 1932 824 1971 33,
845 1931 902 1970 46,

158 1980 178 2010 6
210 1989 245 2010 11.
278 1980 335 2019 42,
355 1978 411 2018 28,
433 1979 470 2018 2,
507 1975 571 2009 das
606 1974 799 2019 Gegenteil
838 1976 901 2010 acl-

156 2023 267 2057 rersis
292 2023 445 2057 auribus
470 2023 564 2056 auch
590 2025 647 2065 41,
670 2025 723 2064 10,
745 2025 776 2057 6.

207 2072 261 2104 15.
289 2068 482 2103 Nachdem
502 2068 566 2102 der
585 2069 732 2103 Redner
753 2068 811 2102 die
827 2068 901 2102 An-

159 2115 330 2160 massung
368 2115 443 2148 und
481 2115 551 2149 den
582 2114 691 2150 Trotz
729 2114 793 2148 der
824 2115 901 2149 Tri-

158 2162 282 2196 bunen
321 2161 489 2206 getadelt
525 2161 601 2204 hat,
640 2161 779 2195 welche
812 2161 902 2196 alles

160 2208 249 2243 oder
298 2208 420 2242 nichts
472 2208 712 2242 durchsetzen
757 2207 901 2251 wollen,

157 2255 248 2290 hebt
268 2266 306 2289 er
326 2255 383 2288 die
405 2265 477 2289 von
496 2254 608 2289 ihnen
628 2253 903 2299 beabsichtigte

158 2301 449 2344 Beschrankung
464 2301 529 2334 der
542 2300 809 2336 Wahlfreiheit
822 2302 902 2336 her-

157 2359 233 2390 vor,
260 2347 386 2382 indem
412 2347 463 2381 sie
490 2347 573 2381 dem
596 2347 713 2381 Volke
740 2347 804 2381 das
831 2347 901 2382 Ge-

160 2397 236 2429 setz
251 2394 480 2438 aufdrangen
494 2393 639 2437 wollen‚
660 2397 701 2427 ut
716 2395 902 2428 consulum

158 2443 281 2486 utiquc
316 2441 406 2475 alter
438 2451 480 2475 ea:
506 2440 609 2484 plebe
640 2443 786 2481 creetur,
815 2440 900 2475 wel-

158 2489 244 2522 ches
270 2487 378 2522 einen
397 2486 566 2532 Plebejer
591 2498 671 2520 zum
692 2486 833 2521 Konsul
859 2500 902 2522 zu

157 2534 304 2569 wahlen
336 2532 512 2578 gebietet‚
549 2534 607 2567 die
634 2533 744 2567 Wahl
772 2534 902 2568 zweier

158 2580 406 2625 plebejischer
422 2579 590 2614 Konsuln
604 2580 793 2624 gestattet,
814 2580 902 2615 aber

160 2628 219 2662 die
244 2627 357 2662 Wahl
383 2626 513 2661 zweier
538 2625 778 2671 patrizischer
802 2626 900 2661 Kon-

159 2674 240 2709 suln
267 2673 457 2708 verbietet.

205 2724 245 2755 at
280 2720 436 2766 hercule]
483 2719 684 2765 eigentlieh
730 2732 772 2754 zu
816 2719 901 2754 dem

161 2767 267 2802 Satze
305 2767 373 2802 mit
409 2769 550 2811 rogatio
589 2766 756 2811 gehcrig‚
797 2766 902 2804 einen

161 2813 498 2858 selbstgemachten
546 2812 727 2847 Einwand
777 2812 902 2848 einlei-

160 2860 266 2894 tend:
305 2859 393 2895 aber
428 2859 528 2895 beim
565 2859 759 2903 Herkules‚
797 2871 903 2895 wenn

974 1693 1203 1729 mokratisch
1228 1694 1288 1737 ist,
1315 1704 1354 1728 so
1374 1693 1424 1727 ist
1443 1693 1552 1727 daffir
1569 1691 1627 1727 ihr
1645 1693 1718 1727 An-

973 1743 1058 1786 trag
1084 1752 1145 1774 um
1173 1751 1212 1775 so
1238 1738 1564 1775 demokratischer.

1022 1789 1177 1823 sermoni
1200 1786 1403 1832 simillima]
1429 1787 1563 1821 ebenso
1588 1796 1717 1820 unver-

977 1835 1123 1869 schamt
1159 1833 1236 1868 und
1273 1833 1509 1877 anmassend,
1553 1832 1622 1868 wie
1659 1832 1720 1867 ihr

974 1881 1179 1916 Aust-reten.

1022 1927 1123 1973 royo]
1158 1927 1233 1962 ‘ich
1263 1926 1496 1971 beantrage'‚
1522 1925 1637 1961 daher
1661 1936 1718 1961 ro-

999 1975 1082 2009 atio.

974 1986 997 2019 9
1025 2025 1078 2056 17.
1115 2020 1235 2066 modo]
1277 2030 1343 2054 vor
1380 2023 1424 2053 22
1450 2018 1598 2062 Jahren,
1637 2017 1718 2054 eine

973 2067 1084 2102 kurze
1099 2066 1178 2102 Zeit
1191 2066 1402 2111 gegenfiber
1415 2065 1487 2100 den
1505 2069 1571 2100 140
1579 2066 1600 2100 J
1604 2064 1718 2100 ahten
1768 2066 1772 2071 ’

977 2115 1048 2149 seit
1073 2114 1156 2148 dem
1183 2113 1317 2157 Kriege
1343 2112 1412 2147 mit
1436 2112 1633 2147 Porsenna.

1023 2161 1146 2195 omnia
1170 2160 1270 2204 haec]
1295 2159 1387 2193 ‘dies
1408 2158 1530 2202 alles’,
1557 2169 1634 2193 was
1654 2158 1718 2194 der

975 2206 1318 2289 {begaerffiringsum
1350 2205 1511 2240 erblickt
1542 2209 1590 2249 (5,
1616 2208 1670 2248 44,
1698 2209 1717 2240 7

1004 2281 1010 2287 .
1086 2282 1093 2297 ‚
1140 2282 1160 2295 ,.

1016 2299 1229 2345 possetisne]
1246 2299 1352 2344 Konj.
1368 2297 1531 2344 Imperf.‚
1551 2298 1636 2333 weil
1654 2298 1718 2332 der
1752 2286 1773 2338 J

974 2346 1121 2381 Redner
1141 2346 1220 2380 dies
1240 2345 1295 2380 als
1315 2345 1531 2389 unmoglich
1550 2344 1716 2379 bezeich-

974 2405 1047 2428 nen
1078 2393 1166 2428 will.
1223 2392 1352 2426 Damit
1384 2392 1529 2426 stimmt
1565 2390 1717 2426 fiberein

974 2441 1007 2475 si
1020 2441 1167 2475 Seaetius
1181 2442 1327 2484 peteret,
1347 2439 1506 2474 welches
1527 2438 1639 2472 somit
1657 2437 1716 2473 die

975 2486 1200 2531 eigentliche
1220 2485 1440 2530 Bedingung
1459 2485 1519 2528 ist,
1541 2483 1717 2519 wahrend

973 2534 1006 2568 si
1042 2534 1147 2568 hodic
1182 2533 1273 2567 bella
1310 2533 1384 2566 siret
1421 2543 1490 2565 nur
1524 2530 1583 2565 die
1614 2534 1716 2575 mog-

974 2579 1097 2615 lichen
1121 2577 1377 2613 Verbaltnisse
1403 2577 1571 2622 angiebt‚
1609 2578 1716 2612 unter
1744 2596 1746 2598 -

973 2626 1140 2678 welchen
1183 2625 1242 2660 die
1285 2623 1507 2669 Bedingung
1553 2623 1716 2668 gedacht

974 2673 1076 2754 merl}
1087 2719 1232 2763 repulsa
1256 2717 1421 2763 dimicat]
1450 2717 1506 2751 ‘er
1530 2715 1628 2751 lauft
1646 2714 1715 2751 Ge-

975 2765 1070 2809 fahr,
1096 2764 1330 2809 abgewiesen
1355 2776 1398 2798 zu
1424 2763 1587 2806 werden;
1615 2762 1714 2798 seine
1745 2775 1750 2778 ·

974 2811 1088 2846 Wahl
1112 2811 1160 2846 ist
1185 2809 1410 2855 gefahrdet'.

1025 2861 1079 2893 18.
1117 2859 1159 2893 in
1190 2867 1371 2894 commune
1401 2857 1549 2892 honores
1573 2855 1713 2901 vocare]
