1794 3084
0 1380 22 1414 „l

88 192 108 222 5

91 368 110 399 6

92 1073 111 1104 9

71 1191 114 1222 10

68 1308 111 1339 11

67 1426 111 1458 12

130 71 186 112 24

683 69 830 105 LIBER
855 69 899 105 V.
945 67 1045 104 CAP.
1075 72 1128 103 12.
1413 84 1438 103 a.
1460 85 1488 103 u.
1507 84 1532 103 o.
1552 79 1613 106 353.
1626 79 1688 105 354.

140 180 222 221 lius
255 183 296 221 et
327 179 378 220 K.
411 179 582 220 Fabius,
644 192 668 219 a
699 177 754 218 M.
787 176 914 218 Furio
952 176 997 217 in
1028 175 1207 218 Faliscis
1247 178 1289 217 et
1324 191 1351 218 a
1383 175 1457 219 Cn.
1489 176 1690 221 Cornelio

138 238 183 279 in
217 237 437 293 Capenate
470 252 572 292 agro
611 236 756 278 hostes
794 235 902 276 nulli
934 238 1054 276 extra
1086 234 1257 277 moenia
1287 235 1471 290 inventi,
1507 237 1692 291 praedae

140 300 259 339 actae
297 297 587 350 incendiisque
625 295 825 336 villarum
865 308 915 335 ac
952 293 1124 349 frugum
1165 294 1324 335 vastati
1364 294 1487 349 fines3
1534 295 1691 350 oppida

138 370 209 398 nee
253 358 501 411 oppugnata
544 368 622 395 nec
667 353 843 395 obsessa
881 356 990 394 sunt.
1054 356 1098 394 at
1134 353 1179 394 in
1216 352 1387 394 Volscis
1431 353 1690 408 depopulato

141 429 244 470 agro
277 415 425 456 Anxur
456 413 714 468 nequiquam
747 414 1042 467 oppugnatum
1073 412 1165 454 loco
1200 412 1287 453 alto
1320 412 1448 453 situm
1481 415 1534 466 et,
1572 415 1691 467 post-

141 488 267 528 quam
303 474 367 515 vis
395 473 519 513 irrita
546 475 648 525 erat,
681 471 792 512 vallo
819 471 1022 525 fossaque
1049 471 1235 512 obsideri
1262 473 1472 525 coeptum.
1516 470 1692 514 Valerio

140 532 284 574 Potito
317 531 465 573 Volsci
499 530 719 585 provincia
751 533 960 572 evenerat.

256 589 351 632 Hoc
383 592 500 631 statu
526 589 779 631 militarium
805 603 947 630 rerum
975 588 1127 630 seditio
1160 588 1366 630 intestina
1391 588 1552 630 maiore
1578 590 1691 632 mole

140 652 296 703 coorta,
329 664 455 704 quam
484 649 596 690 bella
621 648 939 702 tractabantur3
973 650 1015 689 et
1041 662 1137 689 cum
1162 647 1372 689 tributum
1399 647 1583 690 conferri
1614 663 1692 704 per

139 709 336 750 tribunos
368 723 456 750 non
486 711 645 763 posset,
677 721 753 748 nee
781 707 1041 761 stipendium
1073 706 1406 760 imperatoribus
1438 707 1691 762 mitteretur,

139 781 322 822 aeraque
348 768 554 809 militaria
579 767 798 822 flagitaret
824 767 960 819 miles,
985 765 1098 806 haud
1124 765 1272 819 procul
1293 767 1396 816 erat,
1422 766 1524 821 quin
1550 769 1692 809 castra

140 841 306 881 quoque
344 827 534 868 urbanae
575 825 795 867 seditionis
834 824 1087 879 contagione
1126 825 1411 866 turbarentur.
1471 825 1582 866 inter
1612 825 1691 868 has

138 886 224 926 iras
255 886 392 940 plebis
424 886 469 926 in
500 888 644 940 patres
671 899 766 926 cum
792 884 951 925 tribuni
983 882 1100 937 plebi
1125 898 1237 924 nunc
1263 883 1371 925 illud
1403 886 1570 938 tempus
1598 899 1690 926 esse

139 944 327 986 dicerent
365 944 644 986 stabiliendae
681 943 897 984 libertatis
937 945 978 983 et
1016 942 1068 983 ab
1109 940 1268 997 Sergiis
1299 941 1599 998 Verginiisque
1638 944 1690 985 ad

138 1003 328 1058 plebeios
361 1003 475 1046 viros
513 1003 645 1044 fortes
679 1016 727 1044 ac
760 1006 957 1043 strenuos
990 1001 1273 1042 transferendi
1306 1002 1463 1042 summi
1502 1001 1693 1054 honoris,

139 1077 225 1104 non
256 1065 401 1104 tamen
432 1063 546 1104 ultra
577 1075 824 1117 processum
858 1063 934 1111 est,
967 1075 1094 1115 quam
1120 1062 1168 1101 ut
1192 1075 1300 1101 unus
1327 1074 1377 1100 ex
1409 1061 1543 1114 plebe,
1573 1076 1691 1103 usur-

139 1122 268 1176 pandi
306 1122 410 1163 iuris
450 1136 596 1175 causa,
637 1120 681 1161 P.
715 1120 906 1162 Licinius
945 1118 1102 1161 Calvus
1140 1119 1337 1160 tribunus
1375 1119 1559 1161 militum
1596 1135 1693 1163 con-

141 1181 272 1222 sulari
315 1183 529 1235 potestate
573 1182 806 1233 crearetur3
849 1178 978 1220 ceteri
1020 1178 1189 1232 patricii
1231 1177 1378 1232 creati,
1418 1177 1463 1220 P.
1494 1178 1696 1234 Manlius,

138 1239 185 1282 L.
216 1239 420 1293 Titinius,
461 1239 508 1280 P.
546 1238 748 1293 Maelius,
790 1237 860 1292 Sp.
897 1237 1050 1279 Furius
1088 1237 1367 1291 Medullinus,
1403 1236 1450 1279 L.
1481 1236 1694 1280 Publilius

141 1297 336 1341 Volscus.
404 1299 498 1353 ipsa
542 1298 687 1353 plebes
733 1297 971 1339 mirabatur
1015 1311 1057 1337 se
1102 1298 1269 1338 tantam
1312 1310 1402 1337 rem
1447 1296 1695 1349 obtinuisse,

140 1372 229 1400 non
259 1358 297 1399 is
330 1357 469 1411 modo,
504 1358 575 1411 qui
609 1360 774 1398 creatus
809 1359 912 1410 erat,
943 1355 1008 1397 vir
1033 1355 1163 1396 nullis
1190 1358 1287 1396 ante
1316 1355 1550 1398 honoribus
1581 1371 1696 1412 usus,

139 1420 261 1458 vetus
293 1420 464 1458 tantum
498 1418 669 1458 senator
702 1419 744 1457 et
776 1417 916 1457 aetate
949 1415 1035 1456 iam
1068 1414 1223 1469 gravis.
1272 1429 1350 1456 nec
1375 1415 1480 1456 satis
1512 1418 1697 1471 constat,

188 1549 219 1579 5.
254 1546 414 1589 praedae
440 1544 556 1590 actae]
589 1543 687 1578 Plur.
713 1543 789 1578 und
815 1543 881 1577 das

1002 1542 1227 1588 contagione]
1259 1541 1343 1587 Vgl.
1370 1542 1461 1587 Kap.
1490 1547 1522 1587 6,
1550 1546 1604 1578 11.

146 1591 306 1627 Verbum
328 1603 441 1637 ayere,
466 1591 551 1626 weil
571 1592 685 1626 vorab
706 1603 752 1626 an
771 1590 881 1625 Vieh-

1003 1594 1034 1625 8.
1061 1590 1154 1636 iras]
1182 1591 1238 1624 oft
1261 1588 1313 1624 im
1335 1590 1431 1625 Plur.
1459 1591 1501 1635 (z.
1522 1589 1563 1625 B.
1584 1594 1617 1635 3,
1639 1594 1697 1635 14,

142 1639 280 1674 herden
306 1652 349 1674 zu
376 1639 520 1674 denken
544 1638 604 1674 ist.
649 1643 681 1682 2,
709 1642 753 1673 64
780 1642 799 1672 3
826 1638 881 1672 in-

140 1690 259 1733 qentes
293 1688 451 1731 praedas
482 1687 665 1720 hominum
699 1696 882 1730 pecorum-

142 1745 207 1778 que
232 1745 344 1778 eyere,
378 1738 409 1777 3,
432 1738 486 1776 66,
509 1738 546 1776 63
582 1737 635 1777 10,
663 1737 699 1776 2,
727 1736 747 1768 8
774 1733 882 1767 homi-

142 1792 230 1815 num
262 1782 510 1826 pecudumque
553 1781 712 1824 praedas
751 1782 881 1824 ayunt3

143 1832 199 1870 31,
227 1831 282 1871 30,
311 1832 342 1864 3.
386 1828 478 1873 Kap.
508 1831 562 1872 14,
590 1831 608 1862 7
636 1840 669 1862 u.
697 1831 753 1871 24,
780 1830 811 1862 2.

191 1879 222 1910 6.
251 1879 444 1921 postquam
553 1875 645 1921 erat]
680 1874 763 1919 Vgl.
790 1874 882 1918 Kap.

144 1926 197 1966 10,
226 1926 278 1958 11.

190 1969 368 2015 evenerat]
395 1969 542 2004 Ebenso
563 1973 594 2012 2,
614 1971 669 2012 54,
693 1972 710 2002 1
735 1968 884 2003 Manlio

149 2016 310 2051 Veientes
324 2017 520 2061 provincia
540 2018 653 2051 evenit
675 2028 708 2050 u.
731 2019 763 2059 3,
789 2019 841 2058 10,
863 2019 882 2049 9

143 2064 249 2098 alteri
269 2064 361 2108 (scil.
383 2064 538 2107 consuli)
558 2067 599 2097 ut
625 2063 753 2104 Volsci,
778 2063 884 2097 alteri

142 2114 184 2145 ut
197 2110 316 2155 Aequi
328 2111 525 2154 provincia
544 2113 641 2145 esset.
671 2108 763 2154 Kap.
780 2113 835 2153 32,
850 2113 882 2143 2.

192 2161 223 2192 7.
238 2158 340 2202 mole]
362 2157 498 2201 Macht,
508 2157 880 2201 Kraftanstrengung.

191 2204 314 2250 quam]
348 2222 391 2233 =
416 2216 523 2249 quam
548 2208 688 2249 quanta
713 2215 754 2238 ea
779 2205 885 2238 moles

145 2255 233 2293 erat,
259 2263 341 2296 qua.
386 2251 559 2286 Dieselbe
585 2251 704 2286 Kfirze
731 2255 763 2294 3,
786 2254 840 2294 16,
865 2253 884 2285 5

145 2310 179 2333 u.
207 2303 262 2341 50,
290 2304 309 2332 2
338 2300 405 2333 etc.

193 2346 463 2392 tractabantur]
500 2350 555 2390 23,
583 2348 638 2388 28,
665 2349 687 2379 4
719 2345 885 2389 quemad-

146 2394 288 2428 modum
332 2394 565 2428 traetandum
613 2395 654 2427 in
697 2392 888 2437 Hispania

147 2441 275 2476 bellam
300 2441 402 2483 foret.

193 2488 428 2533 stipendium]
468 2492 529 2530 23,
558 2491 618 2530 12,
646 2490 666 2521 5
704 2498 738 2520 u.
777 2490 839 2529 48,
866 2490 888 2520 4

147 2535 356 2570 deutlicher
375 2536 535 2581 pecunia
560 2536 601 2569 in
625 2535 856 2578 stipendium.

195 2583 363 2628 aeraque]
427 2582 657 2625 adversativ,
803 2592 888 2615 aera

148 2634 277 2665 autem.

194 2677 293 2711 haud
321 2677 451 2721 procul
485 2680 562 2711 erat
596 2676 703 2721 quin]
742 2675 889 2710 unklas-

148 2722 289 2758 eisc-her
311 2723 506 2758 Ausdruek
531 2723 589 2757 fur
614 2724 714 2758 haud
738 2723 890 2757 multum

149 2771 273 2805 aberat
306 2772 412 2815 quin3
452 2771 587 2806 ebenso
617 2775 653 2814 1,
680 2773 718 2814 5,
747 2774 766 2805 6
800 2769 889 2814 (vgl.

149 2817 240 2862 Kap.
268 2821 299 2862 4,
329 2819 397 2862 14).

957 1642 994 1680 33
1022 1641 1053 1681 9,
1082 1640 1113 1681 7,
1140 1640 1185 1681 3),
1213 1653 1257 1665 =
1284 1636 1534 1682 Erbitterung.

1002 1685 1097 1719 illud
1121 1684 1274 1730 tempus]
1305 1685 1338 1718 d.
1359 1685 1395 1720 h.
1422 1684 1481 1718 die
1507 1684 1618 1730 lange
1642 1697 1696 1721 er-

957 1732 1086 1767 sehnte
1113 1731 1375 1776 Gelegenheit,
1411 1731 1518 1777 ‘jetzt
1549 1732 1603 1767 sei
1637 1733 1698 1767 die

957 1779 1037 1814 Zeit
1062 1779 1123 1814 da’
1154 1778 1242 1823 (vgl.
1268 1779 1360 1824 Kap.
1387 1783 1420 1822 2,
1447 1779 1492 1824 3).

1002 1827 1100 1862 viros
1124 1827 1233 1869 fortes
1258 1836 1302 1861 ac
1320 1826 1499 1872 strenuos]
1525 1827 1634 1869 fortis
1652 1838 1697 1862 ac

954 1877 1139 1916 strenuus,
1174 1873 1310 1917 ‘mutig
1333 1874 1409 1908 und
1434 1872 1609 1918 wacker',
1645 1873 1699 1909 ist

956 1921 1039 1955 eine
1065 1921 1126 1955 bei
1150 1920 1275 1965 Nepos
1300 1921 1374 1954 und
1397 1919 1522 1956 Livius
1547 1921 1697 1967 haufige

955 1968 1313 2012 Wortverbindung,
1339 1967 1458 2003 woffir
1484 1967 1610 2003 Cicero
1637 1969 1695 2004 bo-

955 2026 1024 2050 nus
1050 2019 1082 2050 et
1112 2016 1219 2057 fortis
1251 2015 1345 2048 setzt
1376 2014 1464 2060 (vgl.
1492 2018 1530 2058 4,
1557 2019 1596 2058 3,
1625 2016 1695 2060 16).

1004 2066 1035 2098 9.
1072 2062 1114 2096 P.
1140 2061 1327 2107 Licinius]
1367 2062 1416 2095 Er
1440 2060 1491 2095 ist
1515 2062 1611 2097 nach
1635 2062 1696 2098 Li-

958 2109 1038 2143 vius
1065 2108 1171 2153 (Kap.
1200 2111 1253 2151 18,
1280 2110 1315 2152 5)
1348 2107 1412 2143 der
1443 2109 1539 2143 erste
1570 2109 1697 2154 plebe-

952 2155 1070 2200 jische
1091 2154 1414 2198 Konsulartribun3
1443 2155 1537 2190 doch
1562 2155 1696 2192 hatten

956 2203 994 2238 in
1004 2201 1268 2237 Wirklichkeit
1281 2201 1423 2237 sowohl
1437 2203 1571 2238 vorher
1580 2204 1695 2240 sehon

958 2249 1121 2284 einzelne
1158 2249 1328 2294 Plebejer
1365 2250 1484 2284 dieses
1517 2252 1605 2286 Amt
1643 2262 1697 2286 er-

957 2297 1065 2341 langt
1100 2297 1186 2341 (vgl.
1215 2301 1256 2340 4,
1284 2301 1320 2339 7,
1349 2300 1366 2330 1
1400 2309 1434 2332 u.
1460 2301 1522 2340 42,
1550 2299 1604 2342 2),
1642 2298 1698 2333 als

958 2345 1052 2379 auch
1073 2343 1154 2378 sind
1174 2343 1254 2378 hier
1272 2342 1444 2388 Titinius,
1467 2344 1602 2380 Malius
1622 2345 1697 2380 und

960 2391 1143 2425 Publilius
1169 2391 1228 2425 fur
1252 2390 1422 2434 Plebejer
1448 2402 1492 2425 zu
1515 2391 1654 2427 halten.

1009 2442 1062 2472 11.
1101 2438 1310 2483 honoribus]
1351 2438 1511 2480 Quastur
1549 2438 1638 2483 (vgl.
1664 2443 1698 2484 4,

960 2490 1015 2530 43,
1033 2487 1101 2529 12),
1117 2484 1299 2520 Aedilitat
1312 2485 1387 2519 und
1402 2484 1697 2522 Volkstribunat.

1007 2533 1164 2577 senator]
1197 2533 1332 2567 Brutus
1363 2531 1468 2567 hatte
1493 2532 1544 2567 im
1569 2533 1602 2567 J.
1629 2536 1698 2568 509

961 2580 1032 2615 den
1058 2579 1172 2614 Senat
1198 2579 1312 2614 durch
1339 2579 1547 2614 Aufnahme
1572 2579 1698 2624 plebe-

956 2626 1095 2672 jischer
1114 2626 1236 2661 Ritter
1255 2627 1406 2671 erganzt
1425 2627 1472 2671 (2,
1491 2630 1522 2670 1,
1546 2629 1602 2670 10)
1624 2627 1699 2662 und

963 2685 1002 2709 so
1024 2674 1103 2709 eine
1123 2673 1266 2708 Anzahl
1284 2673 1621 2708 Senatorenstellen
1640 2674 1699 2708 ffir

961 2721 1131 2766 Plebejer
1156 2721 1383 2766 geschaffen,
1415 2720 1555 2756 welche
1581 2721 1699 2756 wahr-

963 2768 1165 2804 scheinlich
1199 2769 1293 2803 anch
1329 2767 1491 2803 nachher
1529 2767 1589 2802 die
1628 2768 1699 2802 den

962 2816 1100 2851 Census
1138 2815 1386 2851 abhaltenden
1420 2813 1586 2850 Konsuln
1623 2815 1700 2849 und
