1794 3084
120 212 164 244 14

188 94 242 136 18
699 94 843 130 LIBER
866 94 964 130 VIII.
1007 94 1111 130 CAP.
1133 99 1164 130 6.
1192 99 1223 130 7.

1538 113 1564 132 a.
1584 114 1612 132 u.
1632 113 1656 132 e.
1675 107 1740 133 414„

310 204 535 258 Agitatum
569 203 698 244 etiam
731 204 775 244 iu
814 203 991 244 consilio
1031 205 1113 255 est,
1150 205 1216 257 ut,
1255 204 1290 245 si
1329 204 1497 258 quando
1535 219 1738 259 umquam

188 276 333 304 severo
366 263 500 304 ullum
535 262 713 316 imperio
750 262 909 303 bellum
936 262 1283 304 administratum
1309 265 1433 317 esset,
1463 266 1564 305 tunc
1589 263 1738 318 utique

120 331 161 362 15
189 321 419 375 disciplina
451 321 648 362 militaris
680 320 732 362 ad
765 321 927 375 priscos
960 321 1221 376 redigeretur
1248 336 1398 364 mores.
1448 336 1593 363 curam
1620 337 1739 364 acue-

189 380 280 434 bat,
320 380 431 434 quod
465 380 666 421 adversus
700 379 876 421 Latinos
915 380 1162 421 bellandum
1201 383 1292 422 erat
1329 381 1495 435 lingua,
1532 382 1738 437 moribus,

188 454 404 480 armorum
425 452 594 491 genere,
619 439 830 480 institutis
858 443 955 480 ante
983 439 1127 481 omnia
1151 439 1409 482 militaribus
1436 443 1738 496 congruentes;

186 497 345 538 milites
387 497 617 551 militibus,
663 498 984 539 centurionibus
1024 499 1310 553 centuriones,
1353 498 1516 540 tribuni
1551 499 1737 541 tribunis

127 590 134 606 ,
188 571 407 611 compares
439 557 714 611 collegaeque
746 557 881 598 isdem
914 558 1149 610 praesidiis,
1183 572 1308 612 saepe
1340 558 1475 599 isdem
1506 558 1738 612 manipulis

118 626 158 656 16

185 616 385 669 permixti
418 616 600 657 fuerant.
656 631 731 671 per
762 616 867 658 haec
898 630 949 657 ne
983 631 1066 671 quo
1106 630 1247 658 errore
1279 616 1439 658 milites
1472 620 1739 672 caperentur,

186 675 358 716 edicunt
390 675 603 727 consules,
641 689 694 716 ne
727 676 820 729 quis
853 678 972 716 extra
1004 675 1196 716 ordinem
1233 675 1278 716 in
1310 675 1479 718 hostem
1510 680 1738 731 pugnaret.

302 733 429 775 Forte
461 735 573 775 inter
605 737 768 776 ceteros
801 737 1038 776 turmarum
1071 735 1328 789 praefectos,
1362 735 1434 786 qui
1466 735 1736 789 exploratum

184 793 228 834 in
255 807 400 834 omnes
427 795 570 846 partes
597 793 762 834 dimissi
789 798 923 847 erant,
948 793 994 834 T.
1015 793 1215 848 Manlius,
1241 794 1426 835 consulis
1452 794 1581 849 filius,
1610 809 1737 848 super

185 853 327 893 castra
352 851 539 893 hostium
566 867 660 893 cum
692 853 778 894 suis
804 853 1061 893 turmalibus
1089 854 1237 905 evasit,
1262 852 1325 894 ita
1351 854 1399 894 ut
1423 854 1493 894 vix
1517 853 1595 894 teli
1620 853 1736 894 iactu

184 911 237 952 ab
265 911 450 952 statione
477 912 672 965 proxima
698 912 877 953 abesset.
919 912 980 952 ibi
1000 911 1231 953 Tusculani
1258 914 1381 953 erant
1406 912 1589 967 equites,
1614 926 1736 966 prae-

183 972 274 1011 erat
306 969 512 1011 Geminus
545 970 750 1024 Maecius,
788 971 852 1011 vir
894 984 989 1011 cum
1023 984 1176 1025 genere
1215 971 1453 1012 inter'suos
1484 973 1577 1012 tum
1608 971 1734 1013 factis

183 1029 334 1070 clarus.
378 1029 414 1070 is
446 1029 518 1070 ubi
545 1029 763 1071 Romanos
796 1029 958 1083 equites
990 1029 1287 1084 insignemque
1318 1029 1431 1071 inter
1462 1043 1534 1071 eos
1565 1044 1736 1084 praece-

184 1088 354 1129 dentem
388 1089 573 1130 consulis
605 1088 742 1130 filium
765 1112 814 1118 —
838 1104 939 1130 nam
965 1103 1112 1130 omnes
1139 1089 1249 1130 inter
1275 1102 1331 1143 se,
1362 1088 1511 1143 utique
1541 1088 1732 1130 illustres

182 1147 273 1200 viri,
305 1147 398 1189 noti
431 1150 552 1188 erant
581 1172 629 1177 —-
660 1149 880 1202 cognovit,
912 1146 1093 1189 ‘Unane'
1127 1149 1187 1189 ait
1208 1146 1378 1201 ‘turma,
1409 1147 1607 1202 Romani,
1638 1162 1735 1190 cum

185 1206 352 1247 Latinis
386 1207 597 1260 sociisque
629 1207 789 1248 bellum
822 1208 986 1262 gesturi
1020 1207 1151 1248 estis‘?
1196 1207 1298 1261 quid
1329 1207 1493 1248 interea
1525 1207 1735 1259 consules,

185 1265 283 1319 quid
323 1265 404 1306 duo
439 1266 649 1306 exercitus
689 1267 932 1307 consulares
972 1264 1145 1321 agent?'
1197 1265 1407 1307 ‘Aderunt
1444 1265 1489 1307 in
1519 1264 1736 1319 tempore'

181 1323 365 1365 Manlius
398 1324 551 1379 inquit,
584 1323 642 1365 eet
674 1339 769 1365 cum
801 1325 888 1366 illis
923 1325 1060 1366 aderit
1090 1324 1286 1379 Iuppiter
1316 1325 1427 1379 ipse,
1457 1324 1677 1366 foederum
1709 1339 1734 1365 a

183 1383 303 1424 vobis
336 1383 596 1425 violatorum
628 1384 771 1437 testis,
804 1385 875 1438 qui
908 1384 1002 1437 plus
1036 1387 1179 1437 potest
1209 1384 1436 1438 polletque.
1497 1384 1534 1425 si
1566 1383 1621 1425 ad
1651 1382 1732 1424 Re-

181 1442 334 1497 gillum
366 1442 507 1483 lacum
540 1443 591 1483 ad
626 1443 869 1483 satietatem
901 1446 1088 1483 vestram
1120 1443 1424 1497 pugnavimus,
1462 1442 1532 1484 hic
1564 1456 1732 1497 quoque

181 1501 412 1542 efficiemus
439 1501 643 1555 profecto,
669 1515 721 1542 ne
747 1502 875 1542 nimis
903 1502 1013 1542 acies
1040 1501 1161 1543 vobis
1189 1504 1231 1541 et
1257 1502 1414 1542 collata
1440 1502 1563 1554 signa
1591 1501 1734 1543 nobis-

181 1575 277 1602 cum
310 1560 425 1602 cordi
458 1559 571 1601 sint'.
633 1560 686 1601 ad
725 1575 775 1601 ea
814 1559 1020 1601 Geminus
1059 1561 1234 1614 paulum
1274 1560 1326 1601 ab
1367 1560 1455 1601 suis
1495 1574 1601 1614 equo
1634 1573 1732 1614 pro-

178 1688 291 1722 findet
328 1687 406 1722 sich
448 1687 503 1721 oft
536 1688 696 1732 populus
733 1687 921 1723 Romanus

182 1735 382 1780 Quiritium
408 1735 518 1780 (Kap.
541 1740 573 1778 9,
595 1740 642 1779 7).

228 1786 280 1816 14.
326 1784 358 1817 si
401 1783 547 1827 quando
589 1782 782 1828 umquam]
833 1782 919 1827 Vgl.

178 1829 234 1864 Ka
246 1843 271 1864 υ.
298 1834 330 1873 4,
352 1834 383 1864 6.

227 1843 425 1921 disciplina
459 1877 654 1923 militaris]
693 1876 747 1910 Im
773 1875 919 1910 Winter-

179 1927 246 1958 343
283 1924 350 1958 auf
379 1928 446 1958 342
484 1925 590 1958 hatte
627 1924 692 1958 das
736 1924 918 1958 romische

179 1971 275 2005 Heer
288 1983 370 2005 zum
383 1972 580 2006 erstenmal
592 1971 630 2005 iu
643 1971 797 2006 Stadten
808 1972 916 2005 iiber-

179 2019 343 2062 wintert‚
376 2018 551 2053 wodurch
584 2018 644 2053 die
675 2018 918 2053 Mannszucht

178 2064 337 2109 gelitten
350 2065 473 2108 hatte,
495 2066 589 2100 auch
603 2077 678 2100 war
691 2065 768 2100 dies
781 2065 917 2110 gerade

178 2113 216 2146 in
250 2112 477 2156 Campanien
515 2113 726 2157 geschehen
759 2113 850 2157 (vgl.
881 2113 916 2158 7,

179 2162 234 2200 38,
256 2162 309 2202 5),
344 2171 399 2194 wo
421 2160 516 2204 jetzt
542 2160 606 2194 der
631 2160 744 2203 Krieg
770 2159 919 2203 gefiihrt

179 2206 314 2240 wurde.
358 2206 479 2240 Daher
507 2206 634 2241 schien
661 2218 697 2241 es
724 2207 795 2241 den
820 2206 918 2240 Kon-

181 2254 263 2287 suln
283 2253 398 2297 neug,
426 2253 562 2288 wieder
583 2254 641 2288 die
663 2254 737 2288 alte
759 2254 915 2298 Strenge

178 2311 221 2334 zu
247 2300 481 2335 handhaben.

227 2352 279 2381 15.
307 2358 432 2382 curam
457 2347 623 2393 acuebat]
649 2348 811 2382 n'amlich
832 2359 915 2382 con-

176 2395 327 2429 sulibus.
378 2394 461 2439 Vgl.
490 2395 554 2440 10,
576 2399 632 2438 45,
655 2399 673 2429 7
699 2396 808 2429 huius
829 2405 914 2439 pro-

173 2443 364 2486 pinquitas
397 2443 526 2486 populi
557 2443 657 2477 acuit
690 2453 815 2476 curam
846 2453 914 2486 pa—

175 2489 302 2524 tribus.

224 2537 333 2571 isdem
358 2536 574 2582 manipulis]
602 2536 643 2570 In
669 2535 728 2570 die
751 2535 915 2579 Manipel

176 2583 241 2617 der
260 2583 402 2627 Legion
416 2584 565 2617 wurden
586 2584 684 2618 wohl
703 2595 770 2617 nur
791 2582 915 2617 solche

176 2629 326 2665 Latiner
352 2631 652 2674 ausgenotnmen,
679 2629 819 2664 welche
846 2629 911 2664 das

175 2677 356 2712 romische
383 2676 632 2722 Biirgerrecht
658 2679 799 2712 hatten.

225 2725 259 2759 7.
288 2728 316 2758 1.
345 2729 548 2759 turmarum
569 2724 784 2769 praefectos]
822 2723 912 2758 Eine

174 2774 296 2805 turma
322 2771 631 2813 (‘Geschwader’)
658 2771 816 2806 bestand
848 2781 912 2804 aus

175 2821 219 2850 30
246 2817 396 2853 Reitern
424 2818 497 2852 und
523 2818 643 2853 zerfiel
674 2818 712 2853 in
738 2817 816 2852 drei
842 2817 912 2851 De-

175 2863 316 2899 kuricn.
367 2866 440 2900 Der
465 2865 605 2900 Fiihrer
636 2865 723 2901 oder
748 2864 912 2899 Dekurio

994 1688 1058 1722 der
1095 1690 1216 1722 ersten
1255 1686 1415 1722 Dekurie
1453 1698 1529 1722 war
1565 1686 1732 1732 zugleich

990 1736 1197 1779 praefeclus
1223 1738 1368 1769 turmae.

1039 1787 1070 1817 2.
1118 1782 1319 1817 Tusculani
1362 1780 1509 1827 equites]
1553 1780 1621 1816 Die
1665 1780 1732 1815 Be-

991 1830 1141 1864 wohner
1160 1841 1231 1864 von
1253 1828 1454 1863 Tusculum
1473 1828 1645 1863 besassen
1669 1828 1731 1863 be-

990 1875 1080 1910 reits
1106 1881 1151 1912 40
1176 1876 1288 1910 Jahre
1328 1875 1417 1920 lang
1449 1875 1513 1910 das
1546 1875 1643 1910 volle
1674 1878 1732 1910 τδ-

990 1923 1130 1958 mische
1174 1922 1421 1968 Burgerrecht
1463 1923 1576 1967 (Kap.
1606 1925 1659 1966 14,
1687 1926 1731 1966 43

989 1972 1026 2016 6,
1049 1975 1105 2014 26,
1126 1975 1146 2006 8
1172 1971 1247 2005 und
1273 1974 1328 2013 33,
1349 1971 1390 2014 6)
1417 1970 1491 2004 und
1517 1981 1640 2004 waren
1665 1970 1731 2004 der

990 2018 1123 2052 Tribus
1132 2017 1279 2062 Papiria
1288 2017 1467 2061 zugeteilt
1476 2016 1583 2062 (Kap.
1593 2021 1649 2060 37,
1659 2017 1729 2061 12).

990 2065 1095 2100 Doch
1122 2076 1196 2099 war
1215 2065 1294 2099 ihre
1308 2063 1551 2109 Verbindung
1570 2063 1639 2098 mit
1657 2063 1730 2099 den

990 2111 1213 2146 Iatinischen
1240 2111 1605 2156 Stammesgenossen
1631 2110 1728 2146 noch

991 2170 1031 2193 so
1052 2159 1134 2202 fest,
1155 2159 1236 2193 dass
1257 2159 1308 2193 sie
1324 2157 1402 2192 sich
1415 2158 1644 2203 gemeinsam
1658 2158 1729 2192 mit

991 2205 1190 2241 denselben
1218 2207 1420 2250 emporten.

1034 2257 1068 2288 4.
1094 2253 1164 2299 ait]
1207 2253 1322 2288 selten
1359 2253 1398 2287 in
1430 2251 1594 2286 direkter
1626 2251 1727 2285 Rede

988 2302 1081 2335 statt
1104 2301 1227 2346 ioiquit
1247 2300 1301 2345 (l,
1323 2303 1378 2343 24,
1401 2303 1437 2340 ὃς
1463 2299 1528 2344 32,
1549 2301 1606 2343 32,
1626 2299 1694 2342 15).

1035 2352 1066 2383 5.
1100 2348 1269 2382 Manlius
1302 2347 1436 2392 inquit]
1477 2347 1571 2380 statt
1605 2345 1728 2389 inquit

989 2396 1177 2437 Zffimlius,
1218 2394 1342 2428 indem
1379 2395 1500 2437 inquit
1535 2404 1601 2427 vor
1639 2393 1724 2426 dem

989 2441 1144 2486 Subjekt
1170 2454 1214 2475 zu
1241 2441 1370 2475 stehen
1395 2440 1724 2485 pflegt(Kap.9‚1).

1028 2492 1145 2533 potest
1154 2488 1347 2534 polletque]
1374 2486 1564 2522 feierliche
1579 2486 1725 2520 Formel

987 2537 1057 2570 mit
1065 2535 1319 2570 Allitteration
1333 2533 1442 2579 (Kap.
1457 2538 1512 2576 33,
1523 2537 1560 2573 83
1587 2532 1625 2578 1,
1635 2536 1690 2575 24,
1701 2535 1722 2567 8

987 2587 1122 2626 quanto
1147 2583 1263 2628 mayis
1284 2586 1384 2626 potes
1411 2581 1608 2625 pollesque‚·
1634 2578 1724 2615 Sall.

985 2631 1063 2673 lug.
1093 2634 1124 2673 1,
1150 2633 1170 2663 3
1191 2630 1332 2673 pollens
1351 2627 1569 2672 potensque).

1032 2678 1070 2712 6.
1097 2676 1208 2722 acies]
1234 2675 1368 2718 Plural,
1393 2675 1544 2718 proelia.

1032 2725 1164 2758 collata
1183 2724 1290 2767 siyna
1308 2720 1507 2765 nobiscum]
1521 2737 1564 2748 =
1573 2731 1723 2766 puqnae

983 2771 1167 2805 nobiscum
1181 2769 1393 2804 commissae.
1420 2768 1502 2811 Vgl.
1512 2765 1604 2811 Kap.
1615 2770 1671 2811 30,
1681 2770 1719 2810 ’ῖς

984 2822 1040 2861 32,
1056 2821 1091 2859 63
1120 2822 1174 2859 36,
1189 2820 1227 2858 ὃς
1255 2815 1327 2850 Cic.
1348 2815 1385 2849 in
1411 2814 1482 2848 Pis.
1503 2818 1559 2848 49.

1031 2865 1145 2907 cordi]
1172 2863 1272 2898 cordi
1290 2865 1350 2905 est,
1376 2873 1413 2896 es
1434 2861 1483 2896 ist
1502 2861 1720 2906 angenehm,
