<?xml version="1.0" encoding="UTF-8"?>
<!DOCTYPE html PUBLIC "-//W3C//DTD XHTML 1.0 Transitional//EN"
    "http://www.w3.org/TR/xhtml1/DTD/xhtml1-transitional.dtd">
<html xmlns="http://www.w3.org/1999/xhtml" xml:lang="en" lang="en">
 <head>
  <title>
</title>
<meta http-equiv="Content-Type" content="text/html;charset=utf-8" />
  <meta name='ocr-system' content='tesseract 3.04.00' />
  <meta name='ocr-capabilities' content='ocr_page ocr_carea ocr_par ocr_line ocrx_word'/>
</head>
<body>
  <div class='ocr_page' id='page_1' title='image "./aburbeconditali00livyuoft_0352.png"; bbox 0 0 1794 3084; ppageno 0'>
   <div class='ocr_carea' id='block_1_1' title="bbox 68 886 122 928">
    <p class='ocr_par' dir='ltr' id='par_1_1' title="bbox 68 886 122 928">
     <span class='ocr_line' id='line_1_1' title="bbox 68 886 122 928; baseline 0 0"><span class='ocrx_word' id='word_1_1' title='bbox 68 886 122 928; x_wconf 97' lang='grc'>11</span> 
     </span>
    </p>
   </div>
   <div class='ocr_carea' id='block_1_2' title="bbox 90 1137 108 1166">
    <p class='ocr_par' dir='ltr' id='par_1_2' title="bbox 90 1137 108 1166">
     <span class='ocr_line' id='line_1_2' title="bbox 90 1137 108 1166; baseline 0 0"><span class='ocrx_word' id='word_1_2' title='bbox 90 1137 108 1166; x_wconf 70' lang='grc'>2</span> 
     </span>
    </p>
   </div>
   <div class='ocr_carea' id='block_1_3' title="bbox 90 1255 114 1343">
    <p class='ocr_par' dir='ltr' id='par_1_3' title="bbox 90 1255 114 1343">
     <span class='ocr_line' id='line_1_3' title="bbox 90 1255 109 1285; baseline 0 0"><span class='ocrx_word' id='word_1_3' title='bbox 90 1255 109 1285; x_wconf 87' lang='grc'>3</span> 
     </span>
     <span class='ocr_line' id='line_1_4' title="bbox 94 1313 114 1343; baseline 0 0"><span class='ocrx_word' id='word_1_4' title='bbox 94 1313 114 1343; x_wconf 71' lang='lat'>4</span> 
     </span>
    </p>
   </div>
   <div class='ocr_carea' id='block_1_4' title="bbox 137 71 194 112">
    <p class='ocr_par' dir='ltr' id='par_1_4' title="bbox 137 71 194 112">
     <span class='ocr_line' id='line_1_5' title="bbox 137 71 194 112; baseline 0 0"><span class='ocrx_word' id='word_1_5' title='bbox 137 71 194 112; x_wconf 88' lang='lat'>30</span> 
     </span>
    </p>
   </div>
   <div class='ocr_carea' id='block_1_5' title="bbox 621 67 1192 104">
    <p class='ocr_par' dir='ltr' id='par_1_5' title="bbox 621 67 1192 104">
     <span class='ocr_line' id='line_1_6' title="bbox 621 67 1192 104; baseline -0.005 0"><span class='ocrx_word' id='word_1_6' title='bbox 621 69 764 104; x_wconf 81' lang='lat' dir='ltr'>LIBER</span> <span class='ocrx_word' id='word_1_7' title='bbox 789 67 884 102; x_wconf 81' lang='lat' dir='ltr'>VIII.</span> <span class='ocrx_word' id='word_1_8' title='bbox 931 67 1030 102; x_wconf 89' lang='lat' dir='ltr'>CAP.</span> <span class='ocrx_word' id='word_1_9' title='bbox 1053 71 1109 103; x_wconf 91' lang='lat'>10.</span> <span class='ocrx_word' id='word_1_10' title='bbox 1140 71 1192 102; x_wconf 88' lang='grc'>11.</span> 
     </span>
    </p>
   </div>
   <div class='ocr_carea' id='block_1_6' title="bbox 1485 76 1689 104">
    <p class='ocr_par' dir='ltr' id='par_1_6' title="bbox 1485 76 1689 104">
     <span class='ocr_line' id='line_1_7' title="bbox 1485 76 1689 104; baseline 0.005 -2"><span class='ocrx_word' id='word_1_11' title='bbox 1485 83 1510 102; x_wconf 74' lang='grc' dir='ltr'>ι.</span> <span class='ocrx_word' id='word_1_12' title='bbox 1529 83 1560 102; x_wconf 86' lang='lat' dir='ltr'>u.</span> <span class='ocrx_word' id='word_1_13' title='bbox 1581 82 1606 101; x_wconf 89' lang='lat' dir='ltr'>c.</span> <span class='ocrx_word' id='word_1_14' title='bbox 1624 76 1689 104; x_wconf 76' lang='lat'>414.</span> 
     </span>
    </p>
   </div>
   <div class='ocr_carea' id='block_1_7' title="bbox 67 174 1696 821">
    <p class='ocr_par' dir='ltr' id='par_1_7' title="bbox 67 174 1696 821">
     <span class='ocr_line' id='line_1_8' title="bbox 136 174 1691 234; baseline -0.003 -13"><span class='ocrx_word' id='word_1_15' title='bbox 136 179 335 234; x_wconf 79' lang='lat' dir='ltr'>praetori,</span> <span class='ocrx_word' id='word_1_16' title='bbox 367 193 461 220; x_wconf 88' lang='lat' dir='ltr'>cum</span> <span class='ocrx_word' id='word_1_17' title='bbox 493 178 686 233; x_wconf 83' lang='lat' dir='ltr'>legiones</span> <span class='ocrx_word' id='word_1_18' title='bbox 718 176 908 218; x_wconf 86' lang='lat' dir='ltr'>hostium</span> <span class='ocrx_word' id='word_1_19' title='bbox 941 175 1167 229; x_wconf 75' lang='lat' dir='ltr'>devoveat,</span> <span class='ocrx_word' id='word_1_20' title='bbox 1206 190 1289 216; x_wconf 88' lang='lat' dir='ltr'>non</span> <span class='ocrx_word' id='word_1_21' title='bbox 1332 175 1477 229; x_wconf 80' lang='lat' dir='ltr'>utique</span> <span class='ocrx_word' id='word_1_22' title='bbox 1516 189 1578 230; x_wconf 87' lang='lat' dir='ltr'>se,</span> <span class='ocrx_word' id='word_1_23' title='bbox 1617 174 1691 216; x_wconf 87' lang='lat' dir='ltr'>sed</span> 
     </span>
     <span class='ocr_line' id='line_1_9' title="bbox 69 233 1690 293; baseline -0.002 -15"><span class='ocrx_word' id='word_1_24' title='bbox 69 248 110 278; x_wconf 79' lang='lat'>12</span> <span class='ocrx_word' id='word_1_25' title='bbox 138 253 263 293; x_wconf 90' lang='lat' dir='ltr'>quem</span> <span class='ocrx_word' id='word_1_26' title='bbox 290 238 393 279; x_wconf 81' lang='lat' dir='ltr'>velit</span> <span class='ocrx_word' id='word_1_27' title='bbox 425 252 474 278; x_wconf 80' lang='lat' dir='ltr'>ex</span> <span class='ocrx_word' id='word_1_28' title='bbox 513 237 680 291; x_wconf 85' lang='lat' dir='ltr'>legione</span> <span class='ocrx_word' id='word_1_29' title='bbox 720 234 914 276; x_wconf 81' lang='lat' dir='ltr'>Romana</span> <span class='ocrx_word' id='word_1_30' title='bbox 953 235 1112 288; x_wconf 80' lang='lat' dir='ltr'>scripta</span> <span class='ocrx_word' id='word_1_31' title='bbox 1151 234 1285 276; x_wconf 85' lang='lat' dir='ltr'>civem</span> <span class='ocrx_word' id='word_1_32' title='bbox 1317 233 1542 289; x_wconf 83' lang='lat' dir='ltr'>devovere3</span> <span class='ocrx_word' id='word_1_33' title='bbox 1585 233 1622 275; x_wconf 88' lang='lat' dir='ltr'>si</span> <span class='ocrx_word' id='word_1_34' title='bbox 1652 233 1690 275; x_wconf 84' lang='lat' dir='ltr'>is</span> 
     </span>
     <span class='ocr_line' id='line_1_10' title="bbox 136 292 1690 350; baseline -0.004 -11"><span class='ocrx_word' id='word_1_35' title='bbox 136 297 279 350; x_wconf 89' lang='lat' dir='ltr'>homo,</span> <span class='ocrx_word' id='word_1_36' title='bbox 306 297 378 350; x_wconf 88' lang='lat' dir='ltr'>qui</span> <span class='ocrx_word' id='word_1_37' title='bbox 399 296 576 337; x_wconf 85' lang='lat' dir='ltr'>devotus</span> <span class='ocrx_word' id='word_1_38' title='bbox 598 298 673 349; x_wconf 86' lang='lat' dir='ltr'>est,</span> <span class='ocrx_word' id='word_1_39' title='bbox 699 295 892 349; x_wconf 88' lang='lat' dir='ltr'>moritur,</span> <span class='ocrx_word' id='word_1_40' title='bbox 917 294 1050 347; x_wconf 88' lang='lat' dir='ltr'>probe</span> <span class='ocrx_word' id='word_1_41' title='bbox 1069 293 1232 334; x_wconf 81' lang='lat' dir='ltr'>factum</span> <span class='ocrx_word' id='word_1_42' title='bbox 1252 293 1405 346; x_wconf 82' lang='lat' dir='ltr'>videri3</span> <span class='ocrx_word' id='word_1_43' title='bbox 1430 293 1474 334; x_wconf 88' lang='lat' dir='ltr'>ni</span> <span class='ocrx_word' id='word_1_44' title='bbox 1496 292 1690 345; x_wconf 89' lang='lat' dir='ltr'>moritur,</span> 
     </span>
     <span class='ocr_line' id='line_1_11' title="bbox 136 350 1692 409; baseline -0.003 -12"><span class='ocrx_word' id='word_1_45' title='bbox 136 360 226 398; x_wconf 82' lang='lat' dir='ltr'>tuin</span> <span class='ocrx_word' id='word_1_46' title='bbox 262 356 431 409; x_wconf 88' lang='lat' dir='ltr'>signum</span> <span class='ocrx_word' id='word_1_47' title='bbox 464 357 627 408; x_wconf 79' lang='lat' dir='ltr'>septem</span> <span class='ocrx_word' id='word_1_48' title='bbox 658 353 786 407; x_wconf 91' lang='lat' dir='ltr'>pedes</span> <span class='ocrx_word' id='word_1_49' title='bbox 819 353 954 394; x_wconf 83' lang='lat' dir='ltr'>altum</span> <span class='ocrx_word' id='word_1_50' title='bbox 986 356 1060 394; x_wconf 89' lang='lat' dir='ltr'>aut</span> <span class='ocrx_word' id='word_1_51' title='bbox 1097 353 1234 394; x_wconf 89' lang='lat' dir='ltr'>maius</span> <span class='ocrx_word' id='word_1_52' title='bbox 1273 352 1319 393; x_wconf 88' lang='lat' dir='ltr'>in</span> <span class='ocrx_word' id='word_1_53' title='bbox 1360 354 1519 393; x_wconf 89' lang='lat' dir='ltr'>terram</span> <span class='ocrx_word' id='word_1_54' title='bbox 1551 350 1692 393; x_wconf 84' lang='lat' dir='ltr'>defodi</span> 
     </span>
     <span class='ocr_line' id='line_1_12' title="bbox 138 409 1694 469; baseline -0.003 -13"><span class='ocrx_word' id='word_1_55' title='bbox 138 420 180 456; x_wconf 87' lang='lat' dir='ltr'>et</span> <span class='ocrx_word' id='word_1_56' title='bbox 217 414 434 469; x_wconf 83' lang='lat' dir='ltr'>piaculum</span> <span class='ocrx_word' id='word_1_57' title='bbox 472 412 660 454; x_wconf 85' lang='lat' dir='ltr'>hostiam</span> <span class='ocrx_word' id='word_1_58' title='bbox 699 412 835 466; x_wconf 70' lang='lat' dir='ltr'>caedi,</span> <span class='ocrx_word' id='word_1_59' title='bbox 879 411 953 452; x_wconf 89' lang='lat' dir='ltr'>ubi</span> <span class='ocrx_word' id='word_1_60' title='bbox 995 411 1102 452; x_wconf 89' lang='lat' dir='ltr'>illud</span> <span class='ocrx_word' id='word_1_61' title='bbox 1143 411 1313 466; x_wconf 88' lang='lat' dir='ltr'>signum</span> <span class='ocrx_word' id='word_1_62' title='bbox 1352 409 1567 452; x_wconf 87' lang='lat' dir='ltr'>defossum</span> <span class='ocrx_word' id='word_1_63' title='bbox 1600 410 1694 464; x_wconf 87' lang='lat' dir='ltr'>erit,</span> 
     </span>
     <span class='ocr_line' id='line_1_13' title="bbox 70 469 1689 527; baseline -0.004 -11"><span class='ocrx_word' id='word_1_64' title='bbox 70 485 110 516; x_wconf 88' lang='lat'>13</span> <span class='ocrx_word' id='word_1_65' title='bbox 138 488 186 516; x_wconf 93' lang='lat' dir='ltr'>eo</span> <span class='ocrx_word' id='word_1_66' title='bbox 220 474 521 527; x_wconf 82' lang='lat' dir='ltr'>magistratum</span> <span class='ocrx_word' id='word_1_67' title='bbox 554 471 796 513; x_wconf 83' lang='lat' dir='ltr'>Romanum</span> <span class='ocrx_word' id='word_1_68' title='bbox 829 470 1052 512; x_wconf 82' lang='lat' dir='ltr'>escendere</span> <span class='ocrx_word' id='word_1_69' title='bbox 1083 470 1148 512; x_wconf 81' lang='lat' dir='ltr'>fas</span> <span class='ocrx_word' id='word_1_70' title='bbox 1180 484 1267 511; x_wconf 88' lang='lat' dir='ltr'>non</span> <span class='ocrx_word' id='word_1_71' title='bbox 1301 483 1403 511; x_wconf 86' lang='lat' dir='ltr'>esse.</span> <span class='ocrx_word' id='word_1_72' title='bbox 1447 469 1514 510; x_wconf 89' lang='lat' dir='ltr'>sin</span> <span class='ocrx_word' id='word_1_73' title='bbox 1546 471 1689 510; x_wconf 84' lang='lat' dir='ltr'>autem</span> 
     </span>
     <span class='ocr_line' id='line_1_14' title="bbox 139 527 1692 584; baseline -0.004 -10"><span class='ocrx_word' id='word_1_74' title='bbox 139 546 230 575; x_wconf 89' lang='lat' dir='ltr'>sese</span> <span class='ocrx_word' id='word_1_75' title='bbox 263 532 469 573; x_wconf 85' lang='lat' dir='ltr'>devovere</span> <span class='ocrx_word' id='word_1_76' title='bbox 501 532 635 583; x_wconf 87' lang='lat' dir='ltr'>volet,</span> <span class='ocrx_word' id='word_1_77' title='bbox 674 530 800 571; x_wconf 87' lang='lat' dir='ltr'>sicuti</span> <span class='ocrx_word' id='word_1_78' title='bbox 830 529 988 571; x_wconf 82' lang='lat' dir='ltr'>Decius</span> <span class='ocrx_word' id='word_1_79' title='bbox 1022 529 1210 580; x_wconf 84' lang='lat' dir='ltr'>devovit,</span> <span class='ocrx_word' id='word_1_80' title='bbox 1250 528 1295 570; x_wconf 89' lang='lat' dir='ltr'>ni</span> <span class='ocrx_word' id='word_1_81' title='bbox 1326 527 1526 584; x_wconf 87' lang='lat' dir='ltr'>moritur,</span> <span class='ocrx_word' id='word_1_82' title='bbox 1555 541 1692 583; x_wconf 91' lang='lat' dir='ltr'>neque</span> 
     </span>
     <span class='ocr_line' id='line_1_15' title="bbox 139 586 1693 645; baseline -0.003 -13"><span class='ocrx_word' id='word_1_83' title='bbox 139 606 262 633; x_wconf 90' lang='lat' dir='ltr'>suum</span> <span class='ocrx_word' id='word_1_84' title='bbox 295 605 433 645; x_wconf 90' lang='lat' dir='ltr'>neque</span> <span class='ocrx_word' id='word_1_85' title='bbox 471 590 692 645; x_wconf 89' lang='lat' dir='ltr'>publicum</span> <span class='ocrx_word' id='word_1_86' title='bbox 731 589 922 630; x_wconf 87' lang='lat' dir='ltr'>divinum</span> <span class='ocrx_word' id='word_1_87' title='bbox 962 603 1066 642; x_wconf 89' lang='lat' dir='ltr'>pure</span> <span class='ocrx_word' id='word_1_88' title='bbox 1103 588 1250 642; x_wconf 81' lang='lat' dir='ltr'>faciet,</span> <span class='ocrx_word' id='word_1_89' title='bbox 1292 587 1381 628; x_wconf 84' lang='lat' dir='ltr'>sive</span> <span class='ocrx_word' id='word_1_90' title='bbox 1422 586 1567 629; x_wconf 85' lang='lat' dir='ltr'>hostia</span> <span class='ocrx_word' id='word_1_91' title='bbox 1604 587 1693 628; x_wconf 84' lang='lat' dir='ltr'>sive</span> 
     </span>
     <span class='ocr_line' id='line_1_16' title="bbox 138 645 1694 704; baseline -0.003 -13"><span class='ocrx_word' id='word_1_92' title='bbox 138 665 221 704; x_wconf 88' lang='lat' dir='ltr'>quo</span> <span class='ocrx_word' id='word_1_93' title='bbox 255 650 338 691; x_wconf 85' lang='lat' dir='ltr'>alio</span> <span class='ocrx_word' id='word_1_94' title='bbox 371 649 500 691; x_wconf 82' lang='lat' dir='ltr'>volet.</span> <span class='ocrx_word' id='word_1_95' title='bbox 535 650 609 703; x_wconf 87' lang='lat' dir='ltr'>qui</span> <span class='ocrx_word' id='word_1_96' title='bbox 637 662 727 690; x_wconf 86' lang='lat' dir='ltr'>sese</span> <span class='ocrx_word' id='word_1_97' title='bbox 761 648 999 701; x_wconf 88' lang='lat' dir='ltr'>devoverit,</span> <span class='ocrx_word' id='word_1_98' title='bbox 1031 646 1224 689; x_wconf 80' lang='lat' dir='ltr'>Volcano</span> <span class='ocrx_word' id='word_1_99' title='bbox 1258 661 1376 688; x_wconf 85' lang='lat' dir='ltr'>arma</span> <span class='ocrx_word' id='word_1_100' title='bbox 1408 646 1496 688; x_wconf 88' lang='lat' dir='ltr'>sive</span> <span class='ocrx_word' id='word_1_101' title='bbox 1528 646 1596 687; x_wconf 89' lang='lat' dir='ltr'>cui</span> <span class='ocrx_word' id='word_1_102' title='bbox 1621 645 1694 687; x_wconf 88' lang='lat' dir='ltr'>alii</span> 
     </span>
     <span class='ocr_line' id='line_1_17' title="bbox 67 704 1695 762; baseline -0.003 -11"><span class='ocrx_word' id='word_1_103' title='bbox 67 721 109 751; x_wconf 70' lang='lat'>14</span> <span class='ocrx_word' id='word_1_104' title='bbox 136 709 234 751; x_wconf 87' lang='lat' dir='ltr'>divo</span> <span class='ocrx_word' id='word_1_105' title='bbox 268 723 419 750; x_wconf 85' lang='lat' dir='ltr'>vovere</span> <span class='ocrx_word' id='word_1_106' title='bbox 452 708 584 762; x_wconf 85' lang='lat' dir='ltr'>volet,</span> <span class='ocrx_word' id='word_1_107' title='bbox 617 708 684 749; x_wconf 84' lang='lat' dir='ltr'>ius</span> <span class='ocrx_word' id='word_1_108' title='bbox 717 710 794 749; x_wconf 88' lang='lat' dir='ltr'>est.</span> <span class='ocrx_word' id='word_1_109' title='bbox 825 707 926 761; x_wconf 80' lang='lat' dir='ltr'>telo,</span> <span class='ocrx_word' id='word_1_110' title='bbox 958 721 1086 761; x_wconf 87' lang='lat' dir='ltr'>super</span> <span class='ocrx_word' id='word_1_111' title='bbox 1119 706 1231 760; x_wconf 89' lang='lat' dir='ltr'>quod</span> <span class='ocrx_word' id='word_1_112' title='bbox 1265 708 1384 747; x_wconf 86' lang='lat' dir='ltr'>stans</span> <span class='ocrx_word' id='word_1_113' title='bbox 1418 704 1568 747; x_wconf 88' lang='lat' dir='ltr'>consul</span> <span class='ocrx_word' id='word_1_114' title='bbox 1599 719 1695 758; x_wconf 89' lang='lat' dir='ltr'>pre-</span> 
     </span>
     <span class='ocr_line' id='line_1_18' title="bbox 135 763 1696 821; baseline -0.003 -11"><span class='ocrx_word' id='word_1_115' title='bbox 135 773 254 810; x_wconf 83' lang='lat' dir='ltr'>catus</span> <span class='ocrx_word' id='word_1_116' title='bbox 288 771 371 821; x_wconf 87' lang='lat' dir='ltr'>est,</span> <span class='ocrx_word' id='word_1_117' title='bbox 408 767 576 809; x_wconf 84' lang='lat' dir='ltr'>hostem</span> <span class='ocrx_word' id='word_1_118' title='bbox 618 766 749 821; x_wconf 80' lang='lat' dir='ltr'>potiri</span> <span class='ocrx_word' id='word_1_119' title='bbox 786 766 852 808; x_wconf 85' lang='lat' dir='ltr'>fas</span> <span class='ocrx_word' id='word_1_120' title='bbox 885 780 971 807; x_wconf 91' lang='lat' dir='ltr'>non</span> <span class='ocrx_word' id='word_1_121' title='bbox 1004 769 1087 820; x_wconf 83' lang='lat' dir='ltr'>est3</span> <span class='ocrx_word' id='word_1_122' title='bbox 1131 765 1168 806; x_wconf 87' lang='lat' dir='ltr'>si</span> <span class='ocrx_word' id='word_1_123' title='bbox 1197 765 1408 819; x_wconf 86' lang='lat' dir='ltr'>potiatur,</span> <span class='ocrx_word' id='word_1_124' title='bbox 1440 763 1570 805; x_wconf 83' lang='lat' dir='ltr'>Marti</span> <span class='ocrx_word' id='word_1_125' title='bbox 1601 777 1696 806; x_wconf 81' lang='lat' dir='ltr'>suo-</span> 
     </span>
    </p>
   </div>
   <div class='ocr_carea' id='block_1_8' title="bbox 135 825 782 881">
    <p class='ocr_par' dir='ltr' id='par_1_8' title="bbox 135 825 782 881">
     <span class='ocr_line' id='line_1_19' title="bbox 135 825 782 881; baseline -0.005 -12"><span class='ocrx_word' id='word_1_126' title='bbox 135 827 414 869; x_wconf 81' lang='lat' dir='ltr'>vetaurilibus</span> <span class='ocrx_word' id='word_1_127' title='bbox 435 827 652 881; x_wconf 81' lang='lat' dir='ltr'>piaculum</span> <span class='ocrx_word' id='word_1_128' title='bbox 675 825 782 866; x_wconf 86' lang='lat' dir='ltr'>fieri.</span> 
     </span>
    </p>
   </div>
   <div class='ocr_carea' id='block_1_9' title="bbox 136 881 1696 1057">
    <p class='ocr_par' dir='ltr' id='par_1_9' title="bbox 136 881 1696 1057">
     <span class='ocr_line' id='line_1_20' title="bbox 260 881 1696 940; baseline -0.004 -12"><span class='ocrx_word' id='word_1_129' title='bbox 260 885 396 940; x_wconf 87' lang='lat' dir='ltr'>Haec,</span> <span class='ocrx_word' id='word_1_130' title='bbox 427 886 509 928; x_wconf 87' lang='lat' dir='ltr'>etsi</span> <span class='ocrx_word' id='word_1_131' title='bbox 547 885 686 926; x_wconf 89' lang='lat' dir='ltr'>omnis</span> <span class='ocrx_word' id='word_1_132' title='bbox 726 883 859 925; x_wconf 86' lang='lat' dir='ltr'>divini</span> <span class='ocrx_word' id='word_1_133' title='bbox 895 883 1156 937; x_wconf 87' lang='lat' dir='ltr'>humanique</span> <span class='ocrx_word' id='word_1_134' title='bbox 1188 882 1329 924; x_wconf 84' lang='lat' dir='ltr'>moris·</span> <span class='ocrx_word' id='word_1_135' title='bbox 1353 881 1560 923; x_wconf 87' lang='lat' dir='ltr'>memoria</span> <span class='ocrx_word' id='word_1_136' title='bbox 1597 881 1696 923; x_wconf 89' lang='lat' dir='ltr'>abo-</span> 
     </span>
     <span class='ocr_line' id='line_1_21' title="bbox 140 940 1695 999; baseline -0.004 -12"><span class='ocrx_word' id='word_1_137' title='bbox 140 946 245 987; x_wconf 88' lang='lat' dir='ltr'>levit</span> <span class='ocrx_word' id='word_1_138' title='bbox 282 960 394 986; x_wconf 84' lang='lat' dir='ltr'>nova</span> <span class='ocrx_word' id='word_1_139' title='bbox 431 945 739 999; x_wconf 80' lang='lat' dir='ltr'>peregrinaque</span> <span class='ocrx_word' id='word_1_140' title='bbox 772 944 917 984; x_wconf 91' lang='lat' dir='ltr'>omnia</span> <span class='ocrx_word' id='word_1_141' title='bbox 955 942 1105 997; x_wconf 84' lang='lat' dir='ltr'>priscis</span> <span class='ocrx_word' id='word_1_142' title='bbox 1138 956 1187 983; x_wconf 88' lang='lat' dir='ltr'>ac</span> <span class='ocrx_word' id='word_1_143' title='bbox 1218 941 1371 995; x_wconf 87' lang='lat' dir='ltr'>patriis</span> <span class='ocrx_word' id='word_1_144' title='bbox 1403 940 1695 995; x_wconf 83' lang='lat' dir='ltr'>praeferendo,</span> 
     </span>
     <span class='ocr_line' id='line_1_22' title="bbox 136 1000 1694 1057; baseline -0.004 -11"><span class='ocrx_word' id='word_1_145' title='bbox 136 1004 250 1046; x_wconf 88' lang='lat' dir='ltr'>haud</span> <span class='ocrx_word' id='word_1_146' title='bbox 285 1005 337 1046; x_wconf 87' lang='lat' dir='ltr'>ab</span> <span class='ocrx_word' id='word_1_147' title='bbox 370 1018 414 1045; x_wconf 91' lang='lat' dir='ltr'>re</span> <span class='ocrx_word' id='word_1_148' title='bbox 449 1004 547 1045; x_wconf 82' lang='lat' dir='ltr'>duxi</span> <span class='ocrx_word' id='word_1_149' title='bbox 579 1003 720 1044; x_wconf 81' lang='lat' dir='ltr'>verbis</span> <span class='ocrx_word' id='word_1_150' title='bbox 753 1016 920 1057; x_wconf 92' lang='lat' dir='ltr'>quoque</span> <span class='ocrx_word' id='word_1_151' title='bbox 951 1002 1069 1056; x_wconf 82' lang='lat' dir='ltr'>ipsis,</span> <span class='ocrx_word' id='word_1_152' title='bbox 1101 1004 1148 1042; x_wconf 89' lang='lat' dir='ltr'>ut</span> <span class='ocrx_word' id='word_1_153' title='bbox 1178 1000 1336 1042; x_wconf 81' lang='lat' dir='ltr'>tradita</span> <span class='ocrx_word' id='word_1_154' title='bbox 1366 1002 1694 1054; x_wconf 74' lang='lat' dir='ltr'>nuncupataque</span> 
     </span>
    </p>
   </div>
   <div class='ocr_carea' id='block_1_10' title="bbox 138 1063 454 1119">
    <p class='ocr_par' dir='ltr' id='par_1_10' title="bbox 138 1063 454 1119">
     <span class='ocr_line' id='line_1_23' title="bbox 138 1063 454 1119; baseline -0.006 -13"><span class='ocrx_word' id='word_1_155' title='bbox 138 1067 249 1119; x_wconf 87' lang='lat' dir='ltr'>sunt,</span> <span class='ocrx_word' id='word_1_156' title='bbox 281 1063 454 1104; x_wconf 86' lang='lat' dir='ltr'>referre.</span> 
     </span>
    </p>
   </div>
   <div class='ocr_carea' id='block_1_11' title="bbox 137 1116 1697 1235">
    <p class='ocr_par' dir='ltr' id='par_1_11' title="bbox 137 1116 1697 1235">
     <span class='ocr_line' id='line_1_24' title="bbox 255 1116 1697 1175; baseline -0.004 -11"><span class='ocrx_word' id='word_1_157' title='bbox 255 1122 462 1164; x_wconf 85' lang='lat' dir='ltr'>Romanis</span> <span class='ocrx_word' id='word_1_158' title='bbox 506 1124 607 1175; x_wconf 89' lang='lat' dir='ltr'>post</span> <span class='ocrx_word' id='word_1_159' title='bbox 639 1121 851 1175; x_wconf 88' lang='lat' dir='ltr'>proelium</span> <span class='ocrx_word' id='word_1_160' title='bbox 885 1119 1054 1161; x_wconf 88' lang='lat' dir='ltr'>demum</span> <span class='ocrx_word' id='word_1_161' title='bbox 1093 1119 1255 1160; x_wconf 84' lang='lat' dir='ltr'>factum</span> <span class='ocrx_word' id='word_1_162' title='bbox 1287 1116 1498 1159; x_wconf 80' lang='lat' dir='ltr'>Samnites</span> <span class='ocrx_word' id='word_1_163' title='bbox 1529 1116 1697 1159; x_wconf 83' lang='lat' dir='ltr'>venisse</span> 
     </span>
     <span class='ocr_line' id='line_1_25' title="bbox 137 1175 1689 1235; baseline -0.004 -12"><span class='ocrx_word' id='word_1_164' title='bbox 137 1182 339 1234; x_wconf 87' lang='lat' dir='ltr'>subsidio,</span> <span class='ocrx_word' id='word_1_165' title='bbox 372 1183 616 1235; x_wconf 76' lang='lat' dir='ltr'>exspectato</span> <span class='ocrx_word' id='word_1_166' title='bbox 643 1183 795 1221; x_wconf 86' lang='lat' dir='ltr'>eventu</span> <span class='ocrx_word' id='word_1_167' title='bbox 821 1192 1000 1233; x_wconf 83' lang='lat' dir='ltr'>pugnae,</span> <span class='ocrx_word' id='word_1_168' title='bbox 1032 1178 1145 1232; x_wconf 87' lang='lat' dir='ltr'>apud</span> <span class='ocrx_word' id='word_1_169' title='bbox 1170 1177 1378 1232; x_wconf 87' lang='lat' dir='ltr'>quosdam</span> <span class='ocrx_word' id='word_1_170' title='bbox 1405 1179 1599 1218; x_wconf 86' lang='lat' dir='ltr'>auctores</span> <span class='ocrx_word' id='word_1_171' title='bbox 1625 1175 1689 1217; x_wconf 86' lang='lat' dir='ltr'>in-</span> 
     </span>
    </p>
   </div>
   <div class='ocr_carea' id='block_1_12' title="bbox 136 1242 275 1283">
    <p class='ocr_par' dir='ltr' id='par_1_12' title="bbox 136 1242 275 1283">
     <span class='ocr_line' id='line_1_26' title="bbox 136 1242 275 1283; baseline 0 -1"><span class='ocrx_word' id='word_1_172' title='bbox 136 1242 275 1283; x_wconf 85' lang='lat' dir='ltr'>venio.</span> 
     </span>
    </p>
   </div>
   <div class='ocr_carea' id='block_1_13' title="bbox 338 1234 1696 1294">
    <p class='ocr_par' dir='ltr' id='par_1_13' title="bbox 338 1234 1696 1294">
     <span class='ocr_line' id='line_1_27' title="bbox 338 1234 1696 1294; baseline -0.004 -14"><span class='ocrx_word' id='word_1_173' title='bbox 338 1239 502 1282; x_wconf 84' lang='lat' dir='ltr'>Latinis</span> <span class='ocrx_word' id='word_1_174' title='bbox 537 1253 704 1294; x_wconf 90' lang='lat' dir='ltr'>quoque</span> <span class='ocrx_word' id='word_1_175' title='bbox 737 1239 790 1280; x_wconf 90' lang='lat' dir='ltr'>ab</span> <span class='ocrx_word' id='word_1_176' title='bbox 821 1237 1002 1279; x_wconf 85' lang='lat' dir='ltr'>Lavinio</span> <span class='ocrx_word' id='word_1_177' title='bbox 1037 1237 1258 1290; x_wconf 86' lang='lat' dir='ltr'>auxilium,</span> <span class='ocrx_word' id='word_1_178' title='bbox 1291 1236 1390 1277; x_wconf 91' lang='lat' dir='ltr'>dum</span> <span class='ocrx_word' id='word_1_179' title='bbox 1422 1234 1696 1276; x_wconf 88' lang='lat' dir='ltr'>deliberando</span> 
     </span>
    </p>
   </div>
   <div class='ocr_carea' id='block_1_14' title="bbox 142 1293 1694 1354">
    <p class='ocr_par' dir='ltr' id='par_1_14' title="bbox 142 1293 1694 1354">
     <span class='ocr_line' id='line_1_28' title="bbox 142 1293 1694 1354; baseline -0.004 -13"><span class='ocrx_word' id='word_1_180' title='bbox 142 1303 289 1341; x_wconf 86' lang='lat' dir='ltr'>terunt</span> <span class='ocrx_word' id='word_1_181' title='bbox 314 1302 497 1354; x_wconf 85' lang='lat' dir='ltr'>tempus,</span> <span class='ocrx_word' id='word_1_182' title='bbox 523 1298 649 1340; x_wconf 81' lang='lat' dir='ltr'>victis</span> <span class='ocrx_word' id='word_1_183' title='bbox 677 1298 844 1338; x_wconf 87' lang='lat' dir='ltr'>demum</span> <span class='ocrx_word' id='word_1_184' title='bbox 870 1296 973 1338; x_wconf 84' lang='lat' dir='ltr'>ferri</span> <span class='ocrx_word' id='word_1_185' title='bbox 999 1300 1214 1350; x_wconf 72' lang='lat' dir='ltr'>coeptum,</span> <span class='ocrx_word' id='word_1_186' title='bbox 1242 1298 1295 1350; x_wconf 88' lang='lat' dir='ltr'>et,</span> <span class='ocrx_word' id='word_1_187' title='bbox 1327 1310 1423 1337; x_wconf 88' lang='lat' dir='ltr'>eum</span> <span class='ocrx_word' id='word_1_188' title='bbox 1448 1295 1537 1336; x_wconf 85' lang='lat' dir='ltr'>iam</span> <span class='ocrx_word' id='word_1_189' title='bbox 1558 1293 1694 1349; x_wconf 85' lang='lat' dir='ltr'>portis</span> 
     </span>
    </p>
   </div>
   <div class='ocr_carea' id='block_1_15' title="bbox 138 1425 886 2885">
    <p class='ocr_par' dir='ltr' id='par_1_15' title="bbox 144 1425 884 1567">
     <span class='ocr_line' id='line_1_29' title="bbox 194 1425 884 1473; baseline -0.006 -11"><span class='ocrx_word' id='word_1_190' title='bbox 194 1431 247 1463; x_wconf 88' lang='lat'>11.</span> <span class='ocrx_word' id='word_1_191' title='bbox 266 1427 419 1473; x_wconf 73' lang='lat' dir='ltr'>scripta]</span> <span class='ocrx_word' id='word_1_192' title='bbox 453 1426 623 1461; x_wconf 70' lang='lat' dir='ltr'>formlich</span> <span class='ocrx_word' id='word_1_193' title='bbox 650 1425 884 1470; x_wconf 77' lang='lat' dir='ltr'>ausgehoben</span> 
     </span>
     <span class='ocr_line' id='line_1_30' title="bbox 144 1471 882 1509; baseline -0.007 0"><span class='ocrx_word' id='word_1_194' title='bbox 144 1475 219 1509; x_wconf 86' lang='lat' dir='ltr'>und</span> <span class='ocrx_word' id='word_1_195' title='bbox 271 1474 386 1509; x_wconf 88' lang='lat' dir='ltr'>durch</span> <span class='ocrx_word' id='word_1_196' title='bbox 438 1474 509 1508; x_wconf 88' lang='lat' dir='ltr'>den</span> <span class='ocrx_word' id='word_1_197' title='bbox 558 1471 751 1507; x_wconf 87' lang='lat' dir='ltr'>Diensteid</span> <span class='ocrx_word' id='word_1_198' title='bbox 804 1483 882 1505; x_wconf 88' lang='lat' dir='ltr'>ver-</span> 
     </span>
     <span class='ocr_line' id='line_1_31' title="bbox 144 1522 327 1567; baseline 0 -11"><span class='ocrx_word' id='word_1_199' title='bbox 144 1522 327 1567; x_wconf 79' lang='lat' dir='ltr'>pflichtet.</span> 
     </span>
    </p>

    <p class='ocr_par' dir='ltr' id='par_1_16' title="bbox 138 1566 886 1803">
     <span class='ocr_line' id='line_1_32' title="bbox 191 1566 884 1615; baseline -0.009 -10"><span class='ocrx_word' id='word_1_200' title='bbox 191 1571 264 1605; x_wconf 79' lang='lat' dir='ltr'>cive</span> <span class='ocrx_word' id='word_1_201' title='bbox 290 1569 316 1615; x_wconf 73' lang='grc' dir='ltr'>ι]</span> <span class='ocrx_word' id='word_1_202' title='bbox 345 1569 417 1603; x_wconf 88' lang='lat' dir='ltr'>Der</span> <span class='ocrx_word' id='word_1_203' title='bbox 449 1567 529 1601; x_wconf 88' lang='lat' dir='ltr'>Tod</span> <span class='ocrx_word' id='word_1_204' title='bbox 561 1566 625 1602; x_wconf 82' lang='lat' dir='ltr'>des</span> <span class='ocrx_word' id='word_1_205' title='bbox 660 1566 796 1601; x_wconf 90' lang='lat' dir='ltr'>Decius</span> <span class='ocrx_word' id='word_1_206' title='bbox 831 1577 884 1600; x_wconf 90' lang='lat' dir='ltr'>er-</span> 
     </span>
     <span class='ocr_line' id='line_1_33' title="bbox 146 1580 885 1658; baseline -0.004 -8"><span class='ocrx_word' id='word_1_207' title='bbox 146 1580 291 1652; x_wconf 40' lang='lat' dir='ltr'>scheinz</span> <span class='ocrx_word' id='word_1_208' title='bbox 317 1629 378 1650; x_wconf 90' lang='lat' dir='ltr'>um</span> <span class='ocrx_word' id='word_1_209' title='bbox 405 1625 444 1650; x_wconf 80' lang='lat' dir='ltr'>so</span> <span class='ocrx_word' id='word_1_210' title='bbox 479 1614 741 1658; x_wconf 80' lang='lat' dir='ltr'>edelmfitiger,</span> <span class='ocrx_word' id='word_1_211' title='bbox 774 1613 822 1647; x_wconf 81' lang='lat' dir='ltr'>da</span> <span class='ocrx_word' id='word_1_212' title='bbox 848 1624 885 1647; x_wconf 87' lang='lat' dir='ltr'>es</span> 
     </span>
     <span class='ocr_line' id='line_1_34' title="bbox 144 1660 886 1708; baseline -0.005 -10"><span class='ocrx_word' id='word_1_213' title='bbox 144 1665 219 1698; x_wconf 85' lang='lat' dir='ltr'>ihm</span> <span class='ocrx_word' id='word_1_214' title='bbox 260 1664 327 1697; x_wconf 87' lang='lat' dir='ltr'>frei</span> <span class='ocrx_word' id='word_1_215' title='bbox 368 1661 574 1708; x_wconf 81' lang='lat' dir='ltr'>gestanden</span> <span class='ocrx_word' id='word_1_216' title='bbox 612 1662 734 1703; x_wconf 68' lang='lat' dir='ltr'>hatte,</span> <span class='ocrx_word' id='word_1_217' title='bbox 779 1660 886 1694; x_wconf 89' lang='lat' dir='ltr'>einen</span> 
     </span>
     <span class='ocr_line' id='line_1_35' title="bbox 138 1706 877 1754; baseline -0.007 -9"><span class='ocrx_word' id='word_1_218' title='bbox 138 1711 257 1745; x_wconf 73' lang='lat' dir='ltr'>seiner</span> <span class='ocrx_word' id='word_1_219' title='bbox 305 1710 511 1754; x_wconf 74' lang='lat' dir='ltr'>Mitbiirger</span> <span class='ocrx_word' id='word_1_220' title='bbox 564 1709 618 1743; x_wconf 85' lang='lat' dir='ltr'>als</span> <span class='ocrx_word' id='word_1_221' title='bbox 669 1706 877 1752; x_wconf 80' lang='lat' dir='ltr'>Sfihnopfer</span> 
     </span>
     <span class='ocr_line' id='line_1_36' title="bbox 139 1757 704 1803; baseline -0.007 -10"><span class='ocrx_word' id='word_1_222' title='bbox 139 1759 245 1803; x_wconf 67' lang='lat' dir='ltr'>(Kal).</span> <span class='ocrx_word' id='word_1_223' title='bbox 268 1763 299 1798; x_wconf 85' lang='lat'>9,</span> <span class='ocrx_word' id='word_1_224' title='bbox 323 1759 380 1803; x_wconf 88' lang='lat'>10)</span> <span class='ocrx_word' id='word_1_225' title='bbox 404 1769 448 1791; x_wconf 90' lang='lat' dir='ltr'>zu</span> <span class='ocrx_word' id='word_1_226' title='bbox 473 1757 704 1791; x_wconf 83' lang='lat' dir='ltr'>bestimmen.</span> 
     </span>
    </p>

    <p class='ocr_par' dir='ltr' id='par_1_17' title="bbox 138 1802 881 2085">
     <span class='ocr_line' id='line_1_37' title="bbox 187 1802 877 1851; baseline -0.006 -12"><span class='ocrx_word' id='word_1_227' title='bbox 187 1810 240 1840; x_wconf 86' lang='lat'>12.</span> <span class='ocrx_word' id='word_1_228' title='bbox 268 1804 399 1851; x_wconf 76' lang='lat' dir='ltr'>videri]</span> <span class='ocrx_word' id='word_1_229' title='bbox 431 1805 469 1838; x_wconf 89' lang='lat' dir='ltr'>in</span> <span class='ocrx_word' id='word_1_230' title='bbox 494 1802 775 1848; x_wconf 72' lang='lat' dir='ltr'>Abh‘angigkeit</span> <span class='ocrx_word' id='word_1_231' title='bbox 805 1812 877 1836; x_wconf 88' lang='lat' dir='ltr'>von</span> 
     </span>
     <span class='ocr_line' id='line_1_38' title="bbox 141 1849 877 1892; baseline -0.008 -4"><span class='ocrx_word' id='word_1_232' title='bbox 141 1854 232 1888; x_wconf 72' lang='lat' dir='ltr'>illud</span> <span class='ocrx_word' id='word_1_233' title='bbox 252 1853 482 1887; x_wconf 76' lang='lat' dir='ltr'>adiciendum</span> <span class='ocrx_word' id='word_1_234' title='bbox 501 1852 654 1892; x_wconf 64' lang='lat' dir='ltr'>videtur,</span> <span class='ocrx_word' id='word_1_235' title='bbox 680 1849 748 1883; x_wconf 85' lang='lat' dir='ltr'>wie</span> <span class='ocrx_word' id='word_1_236' title='bbox 767 1850 877 1883; x_wconf 85' lang='lat' dir='ltr'>nach—</span> 
     </span>
     <span class='ocr_line' id='line_1_39' title="bbox 138 1896 877 1944; baseline -0.008 -9"><span class='ocrx_word' id='word_1_237' title='bbox 138 1901 204 1934; x_wconf 83' lang='lat' dir='ltr'>her</span> <span class='ocrx_word' id='word_1_238' title='bbox 223 1899 358 1944; x_wconf 74' lang='lat' dir='ltr'>defodi,</span> <span class='ocrx_word' id='word_1_239' title='bbox 384 1899 497 1941; x_wconf 78' lang='lat' dir='ltr'>caedi,</span> <span class='ocrx_word' id='word_1_240' title='bbox 521 1909 602 1939; x_wconf 72' lang='lat' dir='ltr'>esse,</span> <span class='ocrx_word' id='word_1_241' title='bbox 628 1896 802 1931; x_wconf 67' lang='lat' dir='ltr'>wahrend</span> <span class='ocrx_word' id='word_1_242' title='bbox 821 1897 877 1930; x_wconf 81' lang='lat' dir='ltr'>cle-</span> 
     </span>
     <span class='ocr_line' id='line_1_40' title="bbox 140 1944 879 1990; baseline -0.007 -8"><span class='ocrx_word' id='word_1_243' title='bbox 140 1952 242 1983; x_wconf 76' lang='lat' dir='ltr'>votus</span> <span class='ocrx_word' id='word_1_244' title='bbox 273 1951 341 1990; x_wconf 52' lang='lat' dir='ltr'>est,</span> <span class='ocrx_word' id='word_1_245' title='bbox 375 1947 549 1989; x_wconf 70' lang='lat' dir='ltr'>moritur,</span> <span class='ocrx_word' id='word_1_246' title='bbox 585 1946 763 1987; x_wconf 77' lang='lat' dir='ltr'>defossum</span> <span class='ocrx_word' id='word_1_247' title='bbox 799 1944 879 1986; x_wconf 72' lang='lat' dir='ltr'>erit,</span> 
     </span>
     <span class='ocr_line' id='line_1_41' title="bbox 140 1990 881 2035; baseline -0.007 -6"><span class='ocrx_word' id='word_1_248' title='bbox 140 1995 276 2029; x_wconf 82' lang='lat' dir='ltr'>ebenso</span> <span class='ocrx_word' id='word_1_249' title='bbox 303 1998 321 2035; x_wconf 65' lang='grc' dir='ltr'><strong><em>ξ</em></strong></span> <span class='ocrx_word' id='word_1_250' title='bbox 345 1998 386 2028; x_wconf 87' lang='grc'><strong>13</strong></span> <span class='ocrx_word' id='word_1_251' title='bbox 408 1993 482 2027; x_wconf 90' lang='lat' dir='ltr'>und</span> <span class='ocrx_word' id='word_1_252' title='bbox 512 1996 555 2026; x_wconf 86' lang='lat'>14</span> <span class='ocrx_word' id='word_1_253' title='bbox 581 2004 645 2026; x_wconf 85' lang='lat' dir='ltr'>aus</span> <span class='ocrx_word' id='word_1_254' title='bbox 667 1991 787 2026; x_wconf 82' lang='lat' dir='ltr'>dieser</span> <span class='ocrx_word' id='word_1_255' title='bbox 807 1990 881 2024; x_wconf 80' lang='lat' dir='ltr'>Ab·</span> 
     </span>
     <span class='ocr_line' id='line_1_42' title="bbox 140 2038 686 2085; baseline -0.005 -9"><span class='ocrx_word' id='word_1_256' title='bbox 140 2041 364 2085; x_wconf 67' lang='lat' dir='ltr'>hangigkeit</span> <span class='ocrx_word' id='word_1_257' title='bbox 389 2040 568 2084; x_wconf 80' lang='lat' dir='ltr'>losgelo&#39;st</span> <span class='ocrx_word' id='word_1_258' title='bbox 594 2038 686 2073; x_wconf 80' lang='lat' dir='ltr'>sind.</span> 
     </span>
    </p>

    <p class='ocr_par' dir='ltr' id='par_1_18' title="bbox 140 2084 883 2174">
     <span class='ocr_line' id='line_1_43' title="bbox 188 2084 883 2134; baseline -0.007 -12"><span class='ocrx_word' id='word_1_259' title='bbox 188 2088 244 2134; x_wconf 73' lang='lat' dir='ltr'>ni]</span> <span class='ocrx_word' id='word_1_260' title='bbox 285 2087 462 2121; x_wconf 79' lang='lat' dir='ltr'>zuweilen</span> <span class='ocrx_word' id='word_1_261' title='bbox 506 2087 544 2121; x_wconf 86' lang='lat' dir='ltr'>in</span> <span class='ocrx_word' id='word_1_262' title='bbox 582 2084 883 2121; x_wconf 74' lang='lat' dir='ltr'>alterti&#39;imlichen</span> 
     </span>
     <span class='ocr_line' id='line_1_44' title="bbox 140 2135 722 2174; baseline -0.007 -4"><span class='ocrx_word' id='word_1_263' title='bbox 140 2135 311 2171; x_wconf 87' lang='lat' dir='ltr'>Formeln</span> <span class='ocrx_word' id='word_1_264' title='bbox 339 2137 430 2169; x_wconf 79' lang='lat' dir='ltr'>statt</span> <span class='ocrx_word' id='word_1_265' title='bbox 454 2135 487 2168; x_wconf 84' lang='lat' dir='ltr'>si</span> <span class='ocrx_word' id='word_1_266' title='bbox 512 2145 595 2168; x_wconf 76' lang='lat' dir='ltr'>non.</span> <span class='ocrx_word' id='word_1_267' title='bbox 629 2137 646 2174; x_wconf 67' lang='grc' dir='ltr'>ξ</span> <span class='ocrx_word' id='word_1_268' title='bbox 670 2137 722 2167; x_wconf 88' lang='grc'><strong>13.</strong></span> 
     </span>
    </p>

    <p class='ocr_par' dir='ltr' id='par_1_19' title="bbox 142 2179 884 2367">
     <span class='ocr_line' id='line_1_45' title="bbox 187 2179 884 2227; baseline -0.007 -10"><span class='ocrx_word' id='word_1_269' title='bbox 187 2181 348 2227; x_wconf 61' lang='lat' dir='ltr'>siquam]</span> <span class='ocrx_word' id='word_1_270' title='bbox 378 2181 478 2215; x_wconf 78' lang='lat' dir='ltr'>‘sein</span> <span class='ocrx_word' id='word_1_271' title='bbox 505 2179 741 2221; x_wconf 79' lang='lat' dir='ltr'>Standbild’‚</span> <span class='ocrx_word' id='word_1_272' title='bbox 769 2179 884 2213; x_wconf 85' lang='lat' dir='ltr'>durch</span> 
     </span>
     <span class='ocr_line' id='line_1_46' title="bbox 143 2225 884 2273; baseline -0.007 -8"><span class='ocrx_word' id='word_1_273' title='bbox 143 2230 276 2265; x_wconf 78' lang='lat' dir='ltr'>dessen</span> <span class='ocrx_word' id='word_1_274' title='bbox 296 2229 536 2273; x_wconf 85' lang='lat' dir='ltr'>Eingrabung</span> <span class='ocrx_word' id='word_1_275' title='bbox 556 2227 615 2261; x_wconf 86' lang='lat' dir='ltr'>die</span> <span class='ocrx_word' id='word_1_276' title='bbox 635 2226 774 2260; x_wconf 83' lang='lat' dir='ltr'>Mutter</span> <span class='ocrx_word' id='word_1_277' title='bbox 789 2225 884 2260; x_wconf 85' lang='lat' dir='ltr'>Erde</span> 
     </span>
     <span class='ocr_line' id='line_1_47' title="bbox 142 2272 884 2321; baseline -0.008 -9"><span class='ocrx_word' id='word_1_278' title='bbox 142 2278 255 2321; x_wconf 84' lang='lat' dir='ltr'>&lt;Kap.</span> <span class='ocrx_word' id='word_1_279' title='bbox 277 2280 308 2318; x_wconf 88' lang='grc'>6,</span> <span class='ocrx_word' id='word_1_280' title='bbox 331 2280 393 2319; x_wconf 83' lang='lat'>10)</span> <span class='ocrx_word' id='word_1_281' title='bbox 419 2284 644 2319; x_wconf 85' lang='lat' dir='ltr'>gezwungen</span> <span class='ocrx_word' id='word_1_282' title='bbox 670 2273 779 2318; x_wconf 88' lang='lat' dir='ltr'>wird,</span> <span class='ocrx_word' id='word_1_283' title='bbox 818 2272 884 2307; x_wconf 81' lang='lat' dir='ltr'>das</span> 
     </span>
     <span class='ocr_line' id='line_1_48' title="bbox 145 2322 645 2367; baseline -0.01 -8"><span class='ocrx_word' id='word_1_284' title='bbox 145 2324 353 2367; x_wconf 74' lang='lat' dir='ltr'>Sfihnopfer</span> <span class='ocrx_word' id='word_1_285' title='bbox 379 2322 645 2357; x_wconf 85' lang='lat' dir='ltr'>anzunehmen.</span> 
     </span>
    </p>

    <p class='ocr_par' dir='ltr' id='par_1_20' title="bbox 192 2369 574 2414">
     <span class='ocr_line' id='line_1_49' title="bbox 192 2369 574 2414; baseline -0.008 -9"><span class='ocrx_word' id='word_1_286' title='bbox 192 2375 245 2405; x_wconf 87' lang='lat'>13.</span> <span class='ocrx_word' id='word_1_287' title='bbox 272 2369 427 2414; x_wconf 75' lang='lat' dir='ltr'>devovit]</span> <span class='ocrx_word' id='word_1_288' title='bbox 456 2379 504 2405; x_wconf 83' lang='lat' dir='ltr'>se.</span> <span class='ocrx_word' id='word_1_289' title='bbox 530 2380 574 2403; x_wconf 77' lang='lat' dir='ltr'>se.</span> 
     </span>
    </p>

    <p class='ocr_par' dir='ltr' id='par_1_21' title="bbox 144 2414 881 2548">
     <span class='ocr_line' id='line_1_50' title="bbox 190 2414 881 2462; baseline -0.009 -9"><span class='ocrx_word' id='word_1_290' title='bbox 190 2418 368 2462; x_wconf 77' lang='lat' dir='ltr'>divinum]</span> <span class='ocrx_word' id='word_1_291' title='bbox 381 2414 665 2460; x_wconf 71' lang='lat' dir='ltr'>ungewohnlieh</span> <span class='ocrx_word' id='word_1_292' title='bbox 681 2414 881 2448; x_wconf 81' lang='lat' dir='ltr'>substanti-</span> 
     </span>
     <span class='ocr_line' id='line_1_51' title="bbox 144 2460 880 2507; baseline -0.008 -7"><span class='ocrx_word' id='word_1_293' title='bbox 144 2466 253 2507; x_wconf 85' lang='lat' dir='ltr'>viert‚</span> <span class='ocrx_word' id='word_1_294' title='bbox 269 2481 311 2493; x_wconf 89' lang='lat'><strong><em>=</em></strong></span> <span class='ocrx_word' id='word_1_295' title='bbox 328 2476 400 2499; x_wconf 72' lang='lat' dir='ltr'>rem</span> <span class='ocrx_word' id='word_1_296' title='bbox 415 2465 590 2506; x_wconf 72' lang='lat' dir='ltr'>divinam,</span> <span class='ocrx_word' id='word_1_297' title='bbox 617 2460 880 2505; x_wconf 74' lang='lat' dir='ltr'>Gottesdienst‚</span> 
     </span>
     <span class='ocr_line' id='line_1_52' title="bbox 146 2512 268 2548; baseline 0 0"><span class='ocrx_word' id='word_1_298' title='bbox 146 2513 172 2548; x_wconf 91' lang='lat' dir='ltr'>O</span> <span class='ocrx_word' id='word_1_299' title='bbox 203 2512 268 2548; x_wconf 83' lang='lat' dir='ltr'>fer.</span> 
     </span>
    </p>

    <p class='ocr_par' dir='ltr' id='par_1_22' title="bbox 145 2525 879 2649">
     <span class='ocr_line' id='line_1_53' title="bbox 177 2525 879 2605; baseline -0.009 -11"><span class='ocrx_word' id='word_1_300' title='bbox 177 2525 276 2605; x_wconf 61' lang='lat' dir='ltr'>Iimo]</span> <span class='ocrx_word' id='word_1_301' title='bbox 302 2558 384 2592; x_wconf 92' lang='lat' dir='ltr'>Abl.</span> <span class='ocrx_word' id='word_1_302' title='bbox 405 2569 475 2591; x_wconf 88' lang='lat' dir='ltr'>von</span> <span class='ocrx_word' id='word_1_303' title='bbox 495 2558 595 2602; x_wconf 74' lang='lat' dir='ltr'>quid,</span> <span class='ocrx_word' id='word_1_304' title='bbox 623 2556 700 2589; x_wconf 73' lang='lat' dir='ltr'>also</span> <span class='ocrx_word' id='word_1_305' title='bbox 721 2566 788 2600; x_wconf 76' lang='lat' dir='ltr'>quo</span> <span class='ocrx_word' id='word_1_306' title='bbox 805 2555 879 2589; x_wconf 82' lang='lat' dir='ltr'>alio</span> 
     </span>
     <span class='ocr_line' id='line_1_54' title="bbox 145 2604 754 2649; baseline -0.007 -8"><span class='ocrx_word' id='word_1_307' title='bbox 145 2605 400 2642; x_wconf 77' lang='lat' dir='ltr'>altertumlich</span> <span class='ocrx_word' id='word_1_308' title='bbox 425 2605 484 2639; x_wconf 70' lang='lat' dir='ltr'>fiir</span> <span class='ocrx_word' id='word_1_309' title='bbox 509 2616 581 2649; x_wconf 76' lang='lat' dir='ltr'>qua</span> <span class='ocrx_word' id='word_1_310' title='bbox 607 2604 682 2638; x_wconf 72' lang='lat' dir='ltr'>aria</span> <span class='ocrx_word' id='word_1_311' title='bbox 707 2614 754 2637; x_wconf 81' lang='lat' dir='ltr'>re.</span> 
     </span>
    </p>

    <p class='ocr_par' dir='ltr' id='par_1_23' title="bbox 192 2654 492 2698">
     <span class='ocr_line' id='line_1_55' title="bbox 192 2654 492 2698; baseline -0.013 -9"><span class='ocrx_word' id='word_1_312' title='bbox 192 2654 311 2698; x_wconf 78' lang='lat' dir='ltr'>arma]</span> <span class='ocrx_word' id='word_1_313' title='bbox 341 2664 389 2687; x_wconf 83' lang='lat' dir='ltr'>se.</span> <span class='ocrx_word' id='word_1_314' title='bbox 415 2663 492 2686; x_wconf 78' lang='lat' dir='ltr'>suu..</span> 
     </span>
    </p>

    <p class='ocr_par' dir='ltr' id='par_1_24' title="bbox 146 2696 884 2792">
     <span class='ocr_line' id='line_1_56' title="bbox 191 2696 884 2746; baseline -0.009 -10"><span class='ocrx_word' id='word_1_315' title='bbox 191 2700 285 2746; x_wconf 75' lang='lat' dir='ltr'>sive]</span> <span class='ocrx_word' id='word_1_316' title='bbox 331 2697 585 2734; x_wconf 79' lang='lat' dir='ltr'>altertfimlich</span> <span class='ocrx_word' id='word_1_317' title='bbox 634 2709 704 2731; x_wconf 88' lang='lat' dir='ltr'>nur</span> <span class='ocrx_word' id='word_1_318' title='bbox 748 2696 884 2731; x_wconf 86' lang='lat' dir='ltr'>einmal</span> 
     </span>
     <span class='ocr_line' id='line_1_57' title="bbox 146 2743 883 2792; baseline -0.008 -10"><span class='ocrx_word' id='word_1_319' title='bbox 146 2750 296 2792; x_wconf 74' lang='lat' dir='ltr'>gesetzt‚</span> <span class='ocrx_word' id='word_1_320' title='bbox 315 2747 408 2781; x_wconf 86' lang='lat' dir='ltr'>auch</span> <span class='ocrx_word' id='word_1_321' title='bbox 423 2756 488 2779; x_wconf 82' lang='lat' dir='ltr'>vor</span> <span class='ocrx_word' id='word_1_322' title='bbox 503 2745 660 2779; x_wconf 76' lang='lat' dir='ltr'>Volcano</span> <span class='ocrx_word' id='word_1_323' title='bbox 673 2756 716 2778; x_wconf 87' lang='lat' dir='ltr'>zu</span> <span class='ocrx_word' id='word_1_324' title='bbox 728 2743 883 2778; x_wconf 83' lang='lat' dir='ltr'>denken.</span> 
     </span>
    </p>

    <p class='ocr_par' dir='ltr' id='par_1_25' title="bbox 196 2792 688 2836">
     <span class='ocr_line' id='line_1_58' title="bbox 196 2792 688 2836; baseline -0.004 -8"><span class='ocrx_word' id='word_1_325' title='bbox 196 2798 247 2828; x_wconf 82' lang='lat'>14.</span> <span class='ocrx_word' id='word_1_326' title='bbox 275 2795 356 2836; x_wconf 66' lang='lat' dir='ltr'>telo]</span> <span class='ocrx_word' id='word_1_327' title='bbox 386 2792 468 2833; x_wconf 67' lang='lat' dir='ltr'>Vgl.</span> <span class='ocrx_word' id='word_1_328' title='bbox 490 2792 582 2836; x_wconf 84' lang='lat' dir='ltr'>Kap.</span> <span class='ocrx_word' id='word_1_329' title='bbox 603 2795 635 2832; x_wconf 85' lang='grc'>9,</span> <span class='ocrx_word' id='word_1_330' title='bbox 657 2794 688 2826; x_wconf 85' lang='grc'>5.</span> 
     </span>
    </p>

    <p class='ocr_par' dir='ltr' id='par_1_26' title="bbox 193 2837 885 2885">
     <span class='ocr_line' id='line_1_59' title="bbox 193 2837 885 2885; baseline -0.006 -10"><span class='ocrx_word' id='word_1_331' title='bbox 193 2839 510 2885; x_wconf 60' lang='lat' dir='ltr'>suouetaurilibus]</span> <span class='ocrx_word' id='word_1_332' title='bbox 538 2839 605 2873; x_wconf 85' lang='lat' dir='ltr'>Die</span> <span class='ocrx_word' id='word_1_333' title='bbox 625 2837 885 2873; x_wconf 73' lang='lat' dir='ltr'>suovetaurilia</span> 
     </span>
    </p>
   </div>
   <div class='ocr_carea' id='block_1_16' title="bbox 951 1421 1697 2879">
    <p class='ocr_par' dir='ltr' id='par_1_27' title="bbox 954 1421 1697 1788">
     <span class='ocr_line' id='line_1_60' title="bbox 957 1421 1696 1467; baseline -0.003 -10"><span class='ocrx_word' id='word_1_334' title='bbox 957 1434 1078 1457; x_wconf 80' lang='lat' dir='ltr'>waren</span> <span class='ocrx_word' id='word_1_335' title='bbox 1105 1422 1163 1457; x_wconf 89' lang='lat' dir='ltr'>ein</span> <span class='ocrx_word' id='word_1_336' title='bbox 1185 1422 1297 1467; x_wconf 84' lang='lat' dir='ltr'>Opfer</span> <span class='ocrx_word' id='word_1_337' title='bbox 1321 1433 1383 1456; x_wconf 86' lang='lat' dir='ltr'>zur</span> <span class='ocrx_word' id='word_1_338' title='bbox 1401 1421 1613 1466; x_wconf 84' lang='lat' dir='ltr'>Reinigung</span> <span class='ocrx_word' id='word_1_339' title='bbox 1632 1421 1696 1455; x_wconf 82' lang='lat' dir='ltr'>des</span> 
     </span>
     <span class='ocr_line' id='line_1_61' title="bbox 955 1467 1696 1512; baseline -0.003 -8"><span class='ocrx_word' id='word_1_340' title='bbox 955 1470 1095 1506; x_wconf 85' lang='lat' dir='ltr'>Volkes</span> <span class='ocrx_word' id='word_1_341' title='bbox 1137 1469 1213 1504; x_wconf 88' lang='lat' dir='ltr'>und</span> <span class='ocrx_word' id='word_1_342' title='bbox 1253 1469 1405 1503; x_wconf 89' lang='lat' dir='ltr'>wurden</span> <span class='ocrx_word' id='word_1_343' title='bbox 1440 1468 1538 1503; x_wconf 88' lang='lat' dir='ltr'>nach</span> <span class='ocrx_word' id='word_1_344' title='bbox 1570 1467 1696 1512; x_wconf 80' lang='lat' dir='ltr'>J&#39;edem</span> 
     </span>
     <span class='ocr_line' id='line_1_62' title="bbox 957 1514 1696 1562; baseline -0.004 -10"><span class='ocrx_word' id='word_1_345' title='bbox 957 1517 1094 1552; x_wconf 87' lang='lat' dir='ltr'>Census</span> <span class='ocrx_word' id='word_1_346' title='bbox 1121 1517 1378 1562; x_wconf 85' lang='lat' dir='ltr'>dargebraebt.</span> <span class='ocrx_word' id='word_1_347' title='bbox 1422 1515 1492 1550; x_wconf 91' lang='lat' dir='ltr'>Ein</span> <span class='ocrx_word' id='word_1_348' title='bbox 1517 1514 1696 1559; x_wconf 85' lang='lat' dir='ltr'>Schwein,</span> 
     </span>
     <span class='ocr_line' id='line_1_63' title="bbox 958 1561 1696 1599; baseline -0.004 -1"><span class='ocrx_word' id='word_1_349' title='bbox 958 1565 1017 1599; x_wconf 84' lang='lat' dir='ltr'>ein</span> <span class='ocrx_word' id='word_1_350' title='bbox 1056 1563 1170 1598; x_wconf 82' lang='lat' dir='ltr'>Schaf</span> <span class='ocrx_word' id='word_1_351' title='bbox 1200 1564 1276 1598; x_wconf 91' lang='lat' dir='ltr'>und</span> <span class='ocrx_word' id='word_1_352' title='bbox 1312 1562 1371 1598; x_wconf 90' lang='lat' dir='ltr'>ein</span> <span class='ocrx_word' id='word_1_353' title='bbox 1409 1561 1508 1597; x_wconf 86' lang='lat' dir='ltr'>Stier</span> <span class='ocrx_word' id='word_1_354' title='bbox 1544 1561 1696 1597; x_wconf 85' lang='lat' dir='ltr'>wurden</span> 
     </span>
     <span class='ocr_line' id='line_1_64' title="bbox 958 1608 1697 1646; baseline -0.003 -1"><span class='ocrx_word' id='word_1_355' title='bbox 958 1611 1116 1646; x_wconf 82' lang='lat' dir='ltr'>dreimal</span> <span class='ocrx_word' id='word_1_356' title='bbox 1141 1622 1204 1645; x_wconf 89' lang='lat' dir='ltr'>um</span> <span class='ocrx_word' id='word_1_357' title='bbox 1230 1611 1296 1644; x_wconf 86' lang='lat' dir='ltr'>das</span> <span class='ocrx_word' id='word_1_358' title='bbox 1322 1610 1388 1645; x_wconf 85' lang='lat' dir='ltr'>auf</span> <span class='ocrx_word' id='word_1_359' title='bbox 1411 1609 1495 1644; x_wconf 89' lang='lat' dir='ltr'>dem</span> <span class='ocrx_word' id='word_1_360' title='bbox 1520 1608 1697 1644; x_wconf 82' lang='lat' dir='ltr'>Marsfeld</span> 
     </span>
     <span class='ocr_line' id='line_1_65' title="bbox 958 1656 1696 1702; baseline -0.004 -9"><span class='ocrx_word' id='word_1_361' title='bbox 958 1658 1218 1694; x_wconf 80' lang='lat' dir='ltr'>versammelte</span> <span class='ocrx_word' id='word_1_362' title='bbox 1233 1657 1331 1693; x_wconf 86' lang='lat' dir='ltr'>Volk</span> <span class='ocrx_word' id='word_1_363' title='bbox 1346 1656 1496 1702; x_wconf 73' lang='lat' dir='ltr'>gefi&#39;ihrt</span> <span class='ocrx_word' id='word_1_364' title='bbox 1508 1656 1584 1691; x_wconf 90' lang='lat' dir='ltr'>und</span> <span class='ocrx_word' id='word_1_365' title='bbox 1598 1656 1696 1691; x_wconf 86' lang='lat' dir='ltr'>daun</span> 
     </span>
     <span class='ocr_line' id='line_1_66' title="bbox 955 1704 1693 1750; baseline -0.004 -9"><span class='ocrx_word' id='word_1_366' title='bbox 955 1707 1010 1741; x_wconf 82' lang='lat' dir='ltr'>als</span> <span class='ocrx_word' id='word_1_367' title='bbox 1062 1705 1273 1750; x_wconf 74' lang='lat' dir='ltr'>Siihnopfer</span> <span class='ocrx_word' id='word_1_368' title='bbox 1336 1705 1421 1739; x_wconf 89' lang='lat' dir='ltr'>dem</span> <span class='ocrx_word' id='word_1_369' title='bbox 1478 1704 1577 1738; x_wconf 85' lang='lat' dir='ltr'>Mars</span> <span class='ocrx_word' id='word_1_370' title='bbox 1631 1714 1693 1748; x_wconf 84' lang='lat' dir='ltr'>ge-</span> 
     </span>
     <span class='ocr_line' id='line_1_67' title="bbox 954 1753 1176 1788; baseline -0.005 -1"><span class='ocrx_word' id='word_1_371' title='bbox 954 1753 1176 1788; x_wconf 82' lang='lat' dir='ltr'>schlachtet.</span> 
     </span>
    </p>

    <p class='ocr_par' dir='ltr' id='par_1_28' title="bbox 996 1800 1336 1846">
     <span class='ocr_line' id='line_1_68' title="bbox 996 1800 1336 1846; baseline 0 -12"><span class='ocrx_word' id='word_1_372' title='bbox 996 1800 1090 1846; x_wconf 67' lang='lat' dir='ltr'>fieri]</span> <span class='ocrx_word' id='word_1_373' title='bbox 1119 1809 1166 1834; x_wconf 66' lang='lat' dir='ltr'>sc.</span> <span class='ocrx_word' id='word_1_374' title='bbox 1192 1800 1251 1842; x_wconf 82' lang='lat' dir='ltr'>fas</span> <span class='ocrx_word' id='word_1_375' title='bbox 1275 1802 1336 1834; x_wconf 77' lang='lat' dir='ltr'>est.</span> 
     </span>
    </p>

    <p class='ocr_par' dir='ltr' id='par_1_29' title="bbox 951 1845 1696 2119">
     <span class='ocr_line' id='line_1_69' title="bbox 1001 1845 1696 1892; baseline -0.004 -10"><span class='ocrx_word' id='word_1_376' title='bbox 1001 1848 1064 1882; x_wconf 91' lang='grc'>11.</span> <span class='ocrx_word' id='word_1_377' title='bbox 1107 1852 1135 1882; x_wconf 90' lang='grc'>1.</span> <span class='ocrx_word' id='word_1_378' title='bbox 1175 1845 1348 1892; x_wconf 74' lang='lat' dir='ltr'>abolevit]</span> <span class='ocrx_word' id='word_1_379' title='bbox 1400 1856 1485 1881; x_wconf 89' lang='lat' dir='ltr'>vom</span> <span class='ocrx_word' id='word_1_380' title='bbox 1529 1845 1696 1880; x_wconf 83' lang='lat' dir='ltr'>seltenen</span> 
     </span>
     <span class='ocr_line' id='line_1_70' title="bbox 951 1891 1694 1935; baseline -0.003 -5"><span class='ocrx_word' id='word_1_381' title='bbox 951 1895 1112 1930; x_wconf 80' lang='lat' dir='ltr'>abolesco</span> <span class='ocrx_word' id='word_1_382' title='bbox 1157 1893 1453 1935; x_wconf 82' lang='lat' dir='ltr'>‘verschwinde‚</span> <span class='ocrx_word' id='word_1_383' title='bbox 1492 1891 1694 1928; x_wconf 69' lang='lat' dir='ltr'>erlosche’.</span> 
     </span>
     <span class='ocr_line' id='line_1_71' title="bbox 952 1939 1696 1988; baseline -0.005 -11"><span class='ocrx_word' id='word_1_384' title='bbox 952 1942 990 1988; x_wconf 89' lang='lat'>1,</span> <span class='ocrx_word' id='word_1_385' title='bbox 1000 1945 1056 1985; x_wconf 88' lang='lat'>23,</span> <span class='ocrx_word' id='word_1_386' title='bbox 1067 1946 1086 1976; x_wconf 88' lang='lat'><strong>3</strong></span> <span class='ocrx_word' id='word_1_387' title='bbox 1102 1952 1230 1976; x_wconf 73' lang='lat' dir='ltr'>nomen</span> <span class='ocrx_word' id='word_1_388' title='bbox 1248 1941 1419 1984; x_wconf 78' lang='lat' dir='ltr'>abolevit,-</span> <span class='ocrx_word' id='word_1_389' title='bbox 1443 1939 1481 1986; x_wconf 83' lang='lat'>3,</span> <span class='ocrx_word' id='word_1_390' title='bbox 1491 1943 1577 1982; x_wconf 75' lang='lat' dir='ltr'>55,ss</span> <span class='ocrx_word' id='word_1_391' title='bbox 1591 1939 1696 1974; x_wconf 79' lang='lat' dir='ltr'>euius</span> 
     </span>
     <span class='ocr_line' id='line_1_72' title="bbox 954 1987 1696 2034; baseline -0.003 -11"><span class='ocrx_word' id='word_1_392' title='bbox 954 1991 1008 2023; x_wconf 79' lang='lat' dir='ltr'>rei</span> <span class='ocrx_word' id='word_1_393' title='bbox 1027 1999 1141 2034; x_wconf 78' lang='lat' dir='ltr'>prope</span> <span class='ocrx_word' id='word_1_394' title='bbox 1171 1990 1244 2022; x_wconf 79' lang='lat' dir='ltr'>iam</span> <span class='ocrx_word' id='word_1_395' title='bbox 1276 1988 1446 2022; x_wconf 81' lang='lat' dir='ltr'>memoria</span> <span class='ocrx_word' id='word_1_396' title='bbox 1476 1987 1696 2028; x_wconf 81' lang='lat' dir='ltr'>aboleverat,-</span> 
     </span>
     <span class='ocr_line' id='line_1_73' title="bbox 954 2035 1696 2080; baseline -0.004 -9"><span class='ocrx_word' id='word_1_397' title='bbox 954 2037 992 2080; x_wconf 81' lang='lat'>9,</span> <span class='ocrx_word' id='word_1_398' title='bbox 1003 2040 1058 2078; x_wconf 89' lang='grc'>36,</span> <span class='ocrx_word' id='word_1_399' title='bbox 1074 2041 1088 2070; x_wconf 94' lang='grc'>1</span> <span class='ocrx_word' id='word_1_400' title='bbox 1106 2036 1222 2070; x_wconf 67' lang='lat' dir='ltr'>cladis</span> <span class='ocrx_word' id='word_1_401' title='bbox 1237 2035 1428 2070; x_wconf 76' lang='lat' dir='ltr'>Caudinae</span> <span class='ocrx_word' id='word_1_402' title='bbox 1446 2035 1608 2069; x_wconf 73' lang='lat' dir='ltr'>nondum</span> <span class='ocrx_word' id='word_1_403' title='bbox 1626 2044 1696 2068; x_wconf 85' lang='lat' dir='ltr'>me-</span> 
     </span>
     <span class='ocr_line' id='line_1_74' title="bbox 956 2084 1308 2119; baseline -0.009 -1"><span class='ocrx_word' id='word_1_404' title='bbox 956 2086 1073 2119; x_wconf 70' lang='lat' dir='ltr'>moria</span> <span class='ocrx_word' id='word_1_405' title='bbox 1098 2084 1308 2118; x_wconf 70' lang='lat' dir='ltr'>aboleverat.</span> 
     </span>
    </p>

    <p class='ocr_par' dir='ltr' id='par_1_30' title="bbox 957 2128 1696 2267">
     <span class='ocr_line' id='line_1_75' title="bbox 1004 2128 1696 2174; baseline -0.007 -9"><span class='ocrx_word' id='word_1_406' title='bbox 1004 2131 1257 2174; x_wconf 71' lang='lat' dir='ltr'>praeferendo]</span> <span class='ocrx_word' id='word_1_407' title='bbox 1281 2128 1406 2163; x_wconf 85' lang='lat' dir='ltr'>indem</span> <span class='ocrx_word' id='word_1_408' title='bbox 1431 2138 1529 2162; x_wconf 85' lang='lat' dir='ltr'>man</span> <span class='ocrx_word' id='word_1_409' title='bbox 1547 2137 1696 2172; x_wconf 86' lang='lat' dir='ltr'>vorzog,</span> 
     </span>
     <span class='ocr_line' id='line_1_76' title="bbox 957 2174 1696 2219; baseline -0.004 -8"><span class='ocrx_word' id='word_1_410' title='bbox 957 2178 997 2211; x_wconf 88' lang='lat' dir='ltr'>in</span> <span class='ocrx_word' id='word_1_411' title='bbox 1023 2178 1182 2212; x_wconf 82' lang='lat' dir='ltr'>seltener</span> <span class='ocrx_word' id='word_1_412' title='bbox 1208 2175 1331 2210; x_wconf 83' lang='lat' dir='ltr'>Weise</span> <span class='ocrx_word' id='word_1_413' title='bbox 1364 2176 1458 2210; x_wconf 89' lang='lat' dir='ltr'>ohne</span> <span class='ocrx_word' id='word_1_414' title='bbox 1484 2174 1696 2219; x_wconf 86' lang='lat' dir='ltr'>Beziehung</span> 
     </span>
     <span class='ocr_line' id='line_1_77' title="bbox 957 2221 1695 2267; baseline -0.003 -8"><span class='ocrx_word' id='word_1_415' title='bbox 957 2225 1022 2259; x_wconf 86' lang='lat' dir='ltr'>auf</span> <span class='ocrx_word' id='word_1_416' title='bbox 1040 2224 1099 2259; x_wconf 91' lang='lat' dir='ltr'>ein</span> <span class='ocrx_word' id='word_1_417' title='bbox 1118 2223 1348 2258; x_wconf 82' lang='lat' dir='ltr'>bestimmtes</span> <span class='ocrx_word' id='word_1_418' title='bbox 1367 2221 1523 2266; x_wconf 85' lang='lat' dir='ltr'>Subjekt</span> <span class='ocrx_word' id='word_1_419' title='bbox 1535 2221 1587 2267; x_wconf 87' lang='lat'>(1,</span> <span class='ocrx_word' id='word_1_420' title='bbox 1600 2225 1633 2265; x_wconf 91' lang='lat'>8,</span> <span class='ocrx_word' id='word_1_421' title='bbox 1646 2223 1695 2266; x_wconf 91' lang='lat'>4).</span> 
     </span>
    </p>

    <p class='ocr_par' dir='ltr' id='par_1_31' title="bbox 952 2268 1695 2551">
     <span class='ocr_line' id='line_1_78' title="bbox 1005 2268 1695 2317; baseline -0.004 -12"><span class='ocrx_word' id='word_1_422' title='bbox 1005 2273 1049 2305; x_wconf 85' lang='lat' dir='ltr'>ab</span> <span class='ocrx_word' id='word_1_423' title='bbox 1092 2271 1152 2317; x_wconf 73' lang='lat' dir='ltr'>re]</span> <span class='ocrx_word' id='word_1_424' title='bbox 1208 2269 1456 2314; x_wconf 70' lang='lat' dir='ltr'>‘unpassend,</span> <span class='ocrx_word' id='word_1_425' title='bbox 1504 2268 1695 2303; x_wconf 85' lang='lat' dir='ltr'>unzweck-</span> 
     </span>
     <span class='ocr_line' id='line_1_79' title="bbox 955 2315 1695 2362; baseline -0.004 -10"><span class='ocrx_word' id='word_1_426' title='bbox 955 2318 1127 2361; x_wconf 68' lang='lat' dir='ltr'>massig’,</span> <span class='ocrx_word' id='word_1_427' title='bbox 1154 2316 1214 2352; x_wconf 88' lang='lat' dir='ltr'>bei</span> <span class='ocrx_word' id='word_1_428' title='bbox 1238 2318 1365 2352; x_wconf 87' lang='lat' dir='ltr'>Livius</span> <span class='ocrx_word' id='word_1_429' title='bbox 1391 2316 1487 2351; x_wconf 86' lang='lat' dir='ltr'>auch</span> <span class='ocrx_word' id='word_1_430' title='bbox 1512 2315 1577 2362; x_wconf 76' lang='lat'>35,</span> <span class='ocrx_word' id='word_1_431' title='bbox 1597 2318 1652 2358; x_wconf 90' lang='lat'>32,</span> <span class='ocrx_word' id='word_1_432' title='bbox 1673 2318 1695 2349; x_wconf 89' lang='grc'>6</span> 
     </span>
     <span class='ocr_line' id='line_1_80' title="bbox 955 2363 1695 2409; baseline -0.007 -8"><span class='ocrx_word' id='word_1_433' title='bbox 955 2368 1043 2408; x_wconf 72' lang='lat' dir='ltr'>(non</span> <span class='ocrx_word' id='word_1_434' title='bbox 1068 2366 1112 2400; x_wconf 85' lang='lat' dir='ltr'>ab</span> <span class='ocrx_word' id='word_1_435' title='bbox 1144 2377 1182 2400; x_wconf 80' lang='lat' dir='ltr'>re</span> <span class='ocrx_word' id='word_1_436' title='bbox 1213 2376 1284 2400; x_wconf 70' lang='lat' dir='ltr'>esse</span> <span class='ocrx_word' id='word_1_437' title='bbox 1312 2363 1479 2409; x_wconf 72' lang='lat' dir='ltr'>Quinctio</span> <span class='ocrx_word' id='word_1_438' title='bbox 1503 2364 1620 2397; x_wconf 82' lang='lat' dir='ltr'>visum</span> <span class='ocrx_word' id='word_1_439' title='bbox 1645 2365 1695 2396; x_wconf 79' lang='lat' dir='ltr'>est</span> 
     </span>
     <span class='ocr_line' id='line_1_81' title="bbox 953 2408 1695 2456; baseline -0.008 -8"><span class='ocrx_word' id='word_1_440' title='bbox 953 2414 1131 2448; x_wconf 73' lang='lat' dir='ltr'>sociorum</span> <span class='ocrx_word' id='word_1_441' title='bbox 1157 2413 1296 2456; x_wconf 76' lang='lat' dir='ltr'>aliquos</span> <span class='ocrx_word' id='word_1_442' title='bbox 1322 2413 1454 2456; x_wconf 70' lang='lat' dir='ltr'>leyatos</span> <span class='ocrx_word' id='word_1_443' title='bbox 1478 2411 1643 2445; x_wconf 75' lang='lat' dir='ltr'>interesse</span> <span class='ocrx_word' id='word_1_444' title='bbox 1661 2408 1695 2443; x_wconf 82' lang='lat' dir='ltr'>ei</span> 
     </span>
     <span class='ocr_line' id='line_1_82' title="bbox 953 2455 1695 2502; baseline -0.008 -8"><span class='ocrx_word' id='word_1_445' title='bbox 953 2460 1138 2502; x_wconf 74' lang='lat' dir='ltr'>concilio),</span> <span class='ocrx_word' id='word_1_446' title='bbox 1177 2459 1376 2493; x_wconf 85' lang='lat' dir='ltr'>mehrmals</span> <span class='ocrx_word' id='word_1_447' title='bbox 1402 2457 1441 2492; x_wconf 88' lang='lat' dir='ltr'>in</span> <span class='ocrx_word' id='word_1_448' title='bbox 1467 2456 1532 2492; x_wconf 87' lang='lat' dir='ltr'>der</span> <span class='ocrx_word' id='word_1_449' title='bbox 1557 2455 1695 2490; x_wconf 78' lang='lat' dir='ltr'>Natur-</span> 
     </span>
     <span class='ocr_line' id='line_1_83' title="bbox 952 2505 1434 2551; baseline -0.002 -10"><span class='ocrx_word' id='word_1_450' title='bbox 952 2506 1167 2551; x_wconf 73' lang='lat' dir='ltr'>geschichte</span> <span class='ocrx_word' id='word_1_451' title='bbox 1194 2507 1256 2540; x_wconf 88' lang='lat' dir='ltr'>des</span> <span class='ocrx_word' id='word_1_452' title='bbox 1283 2505 1434 2540; x_wconf 84' lang='lat' dir='ltr'>Plinius.</span> 
     </span>
    </p>

    <p class='ocr_par' dir='ltr' id='par_1_32' title="bbox 998 2551 1571 2599">
     <span class='ocr_line' id='line_1_84' title="bbox 998 2551 1571 2599; baseline -0.01 -11"><span class='ocrx_word' id='word_1_453' title='bbox 998 2553 1230 2599; x_wconf 72' lang='lat' dir='ltr'>nuncupata]</span> <span class='ocrx_word' id='word_1_454' title='bbox 1258 2551 1340 2597; x_wconf 81' lang='lat' dir='ltr'>Vgl.</span> <span class='ocrx_word' id='word_1_455' title='bbox 1368 2551 1460 2596; x_wconf 85' lang='lat' dir='ltr'>Kap.</span> <span class='ocrx_word' id='word_1_456' title='bbox 1488 2553 1519 2594; x_wconf 85' lang='lat'>9,</span> <span class='ocrx_word' id='word_1_457' title='bbox 1539 2552 1571 2583; x_wconf 90' lang='lat'>8.</span> 
     </span>
    </p>

    <p class='ocr_par' dir='ltr' id='par_1_33' title="bbox 957 2595 1695 2823">
     <span class='ocr_line' id='line_1_85' title="bbox 1006 2595 1693 2644; baseline -0.01 -9"><span class='ocrx_word' id='word_1_458' title='bbox 1006 2605 1037 2635; x_wconf 88' lang='lat'>3.</span> <span class='ocrx_word' id='word_1_459' title='bbox 1064 2604 1184 2635; x_wconf 75' lang='lat' dir='ltr'>terunt</span> <span class='ocrx_word' id='word_1_460' title='bbox 1208 2599 1360 2644; x_wconf 80' lang='lat' dir='ltr'>tempus]</span> <span class='ocrx_word' id='word_1_461' title='bbox 1389 2597 1470 2632; x_wconf 80' lang='lat' dir='ltr'>‘die</span> <span class='ocrx_word' id='word_1_462' title='bbox 1502 2595 1582 2630; x_wconf 81' lang='lat' dir='ltr'>Zeit</span> <span class='ocrx_word' id='word_1_463' title='bbox 1611 2595 1693 2630; x_wconf 86' lang='lat' dir='ltr'>hin-</span> 
     </span>
     <span class='ocr_line' id='line_1_86' title="bbox 957 2641 1693 2692; baseline -0.007 -10"><span class='ocrx_word' id='word_1_464' title='bbox 957 2647 1148 2692; x_wconf 88' lang='lat' dir='ltr'>bringen&#39;,</span> <span class='ocrx_word' id='word_1_465' title='bbox 1184 2648 1266 2681; x_wconf 88' lang='lat' dir='ltr'>eine</span> <span class='ocrx_word' id='word_1_466' title='bbox 1297 2646 1358 2681; x_wconf 87' lang='lat' dir='ltr'>bei</span> <span class='ocrx_word' id='word_1_467' title='bbox 1390 2643 1515 2679; x_wconf 83' lang='lat' dir='ltr'>Livius</span> <span class='ocrx_word' id='word_1_468' title='bbox 1545 2641 1693 2685; x_wconf 69' lang='lat' dir='ltr'>haufige</span> 
     </span>
     <span class='ocr_line' id='line_1_87' title="bbox 957 2688 1695 2738; baseline -0.008 -9"><span class='ocrx_word' id='word_1_469' title='bbox 957 2695 1165 2729; x_wconf 78' lang='lat' dir='ltr'>Redensart</span> <span class='ocrx_word' id='word_1_470' title='bbox 1177 2693 1284 2738; x_wconf 82' lang='lat' dir='ltr'>(Kap.</span> <span class='ocrx_word' id='word_1_471' title='bbox 1299 2696 1354 2736; x_wconf 88' lang='lat'>26,</span> <span class='ocrx_word' id='word_1_472' title='bbox 1369 2693 1416 2735; x_wconf 84' lang='lat'>3).</span> <span class='ocrx_word' id='word_1_473' title='bbox 1449 2690 1522 2724; x_wconf 84' lang='lat' dir='ltr'>Das</span> <span class='ocrx_word' id='word_1_474' title='bbox 1538 2688 1695 2734; x_wconf 74' lang='lat' dir='ltr'>Subjekt</span> 
     </span>
     <span class='ocr_line' id='line_1_88' title="bbox 958 2735 1692 2776; baseline -0.008 0"><span class='ocrx_word' id='word_1_475' title='bbox 958 2753 1002 2775; x_wconf 88' lang='lat' dir='ltr'>zu</span> <span class='ocrx_word' id='word_1_476' title='bbox 1033 2745 1153 2776; x_wconf 75' lang='lat' dir='ltr'>terunt</span> <span class='ocrx_word' id='word_1_477' title='bbox 1192 2741 1241 2775; x_wconf 83' lang='lat' dir='ltr'>ist</span> <span class='ocrx_word' id='word_1_478' title='bbox 1272 2750 1338 2774; x_wconf 83' lang='lat' dir='ltr'>aus</span> <span class='ocrx_word' id='word_1_479' title='bbox 1369 2737 1441 2772; x_wconf 88' lang='lat' dir='ltr'>den</span> <span class='ocrx_word' id='word_1_480' title='bbox 1467 2735 1621 2771; x_wconf 87' lang='lat' dir='ltr'>Worten</span> <span class='ocrx_word' id='word_1_481' title='bbox 1647 2737 1692 2771; x_wconf 89' lang='lat' dir='ltr'>ab</span> 
     </span>
     <span class='ocr_line' id='line_1_89' title="bbox 957 2787 1444 2823; baseline -0.01 0"><span class='ocrx_word' id='word_1_482' title='bbox 957 2789 1117 2823; x_wconf 73' lang='lat' dir='ltr'>Lavinio</span> <span class='ocrx_word' id='word_1_483' title='bbox 1143 2799 1186 2821; x_wconf 90' lang='lat' dir='ltr'>zu</span> <span class='ocrx_word' id='word_1_484' title='bbox 1213 2787 1444 2821; x_wconf 83' lang='lat' dir='ltr'>entnehmen.</span> 
     </span>
    </p>

    <p class='ocr_par' dir='ltr' id='par_1_34' title="bbox 1004 2837 1321 2879">
     <span class='ocr_line' id='line_1_90' title="bbox 1004 2837 1321 2879; baseline -0.009 -9"><span class='ocrx_word' id='word_1_485' title='bbox 1004 2838 1163 2879; x_wconf 75' lang='lat' dir='ltr'>coeptum</span> <span class='ocrx_word' id='word_1_486' title='bbox 1187 2845 1236 2868; x_wconf 83' lang='lat' dir='ltr'>sc.</span> <span class='ocrx_word' id='word_1_487' title='bbox 1263 2837 1321 2868; x_wconf 76' lang='lat' dir='ltr'>est.</span> 
     </span>
    </p>
   </div>
  </div>
 </body>
</html>
