1794 3084
73 103 104 120 a.
125 94 175 120 eh.
195 101 224 119 n.
244 94 304 120 343.
621 82 766 118 LIBER
793 81 872 118 VII.
923 81 1024 118 CAP.
1052 85 1107 118 30.
1587 82 1643 124 65

79 207 185 245 mur,
212 191 285 234 sed
311 194 359 233 ut
383 191 427 233 hi
453 194 669 233 vetustate
698 194 740 233 et
765 191 901 246 gradu
926 191 1103 233 honoris
1130 206 1207 233 nos
1234 193 1466 245 praestent.
1506 205 1643 246 neque

76 252 190 294 enim
222 251 391 293 foedere
426 249 695 305 Samnitium,
727 266 780 292 ne
812 266 895 306 qua
926 265 1038 292 nova
1065 251 1300 306 iungeretis
1328 250 1513 304 foedera,
1546 265 1642 292 cau-

81 315 174 352 tum
207 313 282 352 est.
315 310 397 351 fuit
429 309 599 366 quidem
633 310 745 364 apud
777 325 853 352 vos
887 325 1055 364 semper
1093 313 1198 351 satis
1230 311 1346 352 iusta
1377 324 1506 352 causa
1539 310 1643 351 ami-
1669 321 1690 351 5

75 370 216 424 eitiae,
250 370 358 411 velle
392 384 488 411 eum
521 369 644 411 vobis
678 370 862 411 amicum
896 385 1007 425 esse,
1040 370 1111 425 qui
1143 384 1220 412 vos
1247 372 1485 425 appeteret3
1518 367 1643 411 Cam·
1670 381 1690 411 (3

75 430 191 485 pani,
223 430 304 471 etsi
337 429 510 470 fortuna
542 443 744 482 praesens
772 429 998 484 magnifice
1025 429 1140 484 loqui
1168 429 1379 483 prohibet,
1410 443 1497 471 non
1522 428 1642 470 urbis

77 488 380 543 amplitudine,
412 503 500 530 non
533 489 626 543 agri
658 489 855 530 ubertate
887 489 963 530 ulli
995 489 1154 543 populo
1188 493 1487 543 praeterquam
1519 488 1642 530 vobis

76 547 286 601 cedentes,
319 548 433 589 haud
466 562 609 601 parva,
641 551 690 590 ut
723 548 920 598 arbitror,
953 547 1142 589 accessio
1176 548 1300 589 bonis
1331 549 1459 590 rebus
1485 548 1642 589 vestris

74 608 121 649 in
161 607 398 650 amicitiam
442 607 639 648 venimus
681 610 878 648 vestram.
941 607 1105 661 Aequis
1144 606 1417 662 Volscisque,
1456 607 1642 649 aeternis
1670 618 1690 649 7

74 667 272 708 hostibus
314 667 439 708 huius
479 666 616 720 urbis,
660 666 1014 721 quandocumque
1060 681 1104 708 se
1152 667 1382 720 moverint,
1425 667 1478 707 ab
1518 670 1641 722 tergo

72 726 248 780 erimus,
281 729 324 767 et
356 725 468 780 quod
500 740 576 767 vos
608 740 685 780 pro
720 725 858 768 salute
885 729 1035 768 nostra
1061 726 1226 780 priores
1254 726 1454 781 feceritis,
1486 726 1529 767 id
1554 741 1633 767 nos

73 800 152 840 pro
195 785 376 840 imperio
416 788 558 826 vestro
598 789 639 827 et
679 786 818 841 gloria
860 800 1028 840 semper
1068 785 1284 827 faciemus.
1348 785 1534 827 subactis
1572 785 1640 826 his
1667 796 1688 827 8

74 845 288 901 gentibus,
321 859 428 899 quae
454 845 569 886 inter
593 859 673 886 nos
700 859 858 900 vosque
886 848 997 899 sunt,
1030 844 1141 899 quod
1168 844 1419 900 propediem
1444 845 1640 886 futurum

72 904 256 958 spondet
288 907 330 945 et
362 904 498 946 virtus
532 906 575 946 et
606 904 782 946 fortuna
814 907 968 958 vestra,
1001 904 1225 946 continens
1252 905 1479 958 imperium
1506 919 1641 959 usque

68 963 125 1004 ad
155 978 235 1005 nos
266 964 492 1005 habebitis.
556 964 758 1005 acerbum
797 978 845 1005 ac
882 964 1088 1005 miserum
1127 966 1211 1017 est,
1250 964 1358 1019 quod
1401 964 1528 1005 fateri
1561 978 1639 1005 nos
1666 976 1686 1007 9

70 1022 244 1065 fortuna
274 1026 424 1065 nostra
457 1023 593 1078 cogit:
627 1038 676 1064 eo
710 1026 884 1064 ventum
918 1027 995 1077 est,
1028 1025 1173 1077 patres
1207 1023 1451 1078 conscripti,
1482 1026 1530 1064 ut
1562 1025 1638 1064 aut

67 1083 306 1124 amicorum
333 1086 408 1124 aut
432 1083 703 1124 inimicorum
730 1081 938 1137 Campani
967 1083 1112 1124 simus.
1158 1083 1193 1124 si
1221 1082 1464 1137 defenditis,
1490 1083 1636 1137 vestri,
1665 1094 1708 1126 10

71 1142 108 1183 si
140 1142 355 1195 deseritis,
395 1140 652 1183 Samnitium
685 1142 861 1198 erimus3
905 1140 1099 1196 Capuam
1139 1156 1242 1198 ergo
1282 1145 1324 1183 et
1357 1140 1641 1196 Campaniam

71 1216 242 1243 omnem
287 1201 443 1243 vestris
489 1216 544 1242 an
588 1199 851 1243 Samnitium
889 1201 1053 1243 viribus
1100 1201 1299 1243 accedere
1343 1201 1526 1256 malitis,
1571 1202 1640 1243 de-

70 1260 265 1303 liberate.
328 1260 526 1303 omnibus
573 1261 762 1315 quidem,
811 1260 1015 1311 Romani,
1061 1265 1250 1303 vestram
1302 1261 1640 1304 misericordiam
1669 1273 1710 1304 11

71 1323 345 1374 vestrumque
385 1320 591 1361 auxilium
631 1335 812 1375 aequum
851 1322 917 1362 est
954 1323 1121 1375 patere,
1168 1321 1221 1362 iis
1259 1323 1406 1363 tamen
1444 1321 1641 1376 maxime,

72 1379 164 1434 qui,
202 1394 298 1421 eam
336 1379 670 1434 implorantibus
709 1380 807 1421 aliis
847 1379 1054 1421 auxilium
1093 1380 1193 1421 dum
1233 1395 1362 1435 supra
1395 1380 1506 1422 vires
1540 1395 1640 1422 suas

70 1441 312 1494 praestant,
356 1442 450 1480 ante
495 1454 643 1480 omnes
690 1439 774 1493 ipsi
818 1439 863 1480 in
907 1439 1019 1481 hanc
1069 1440 1373 1482 necessitatem
1417 1443 1638 1482 venerunt.

68 1512 330 1553 quamquam
363 1499 649 1553 pugnavimus
682 1499 813 1540 verbo
840 1513 918 1553 pro
946 1497 1159 1554 Sidicinis,
1192 1514 1236 1540 re
1262 1514 1340 1554 pro
1367 1499 1508 1554 nobis,
1540 1514 1636 1541 cum
1666 1512 1708 1543 12

117 1648 183 1673 nos
201 1638 404 1685 praestent]
436 1638 479 1673 In
505 1638 571 1673 der
597 1639 818 1683 Bedeutung

890 1638 1026 1674 hohem
1052 1638 1159 1681 'l'on’,
1188 1639 1283 1674 auch
1309 1643 1342 1683 9,
1357 1643 1448 1683 41‚9
1475 1639 1550 1674 und
1577 1643 1633 1682 21,

75 1684 340 1720 ‘fibertreffen’
370 1686 461 1720 wird
484 1690 671 1730 praestare
695 1685 818 1720 neben

891 1690 948 1729 41,
973 1691 989 1720 1
1017 1685 1087 1720 mit
1108 1687 1207 1732 loqui
1233 1686 1458 1722 verbunden.

70 1732 155 1767 dem
181 1731 335 1767 Ablativ
363 1733 428 1767 der
454 1732 571 1768 Sache
593 1745 665 1768 von
692 1731 817 1769 Cicero

68 1780 147 1814 und
166 1778 278 1814 Casar
305 1782 397 1815 stets
424 1780 495 1815 mit
514 1781 595 1815 dem
619 1780 732 1816 Dativ
753 1781 818 1816 der

68 1827 210 1862 Person
253 1827 485 1872 verbunden,
531 1828 701 1873 dagegen
745 1840 818 1864 von

70 1874 195 1920 Nepos
221 1876 295 1910 und
323 1875 447 1910 Livius
480 1875 550 1910 mit
576 1876 658 1910 dem
685 1875 815 1910 Aecus.

70 1922 136 1957 der
149 1922 458 1967 Person(3‚61‚7;
481 1926 624 1967 5,36‚4;
648 1927 818 1968 37,30‚2;

69 1973 127 2014 44,
143 1973 199 2013 38,
214 1971 259 2015 5).

116 2029 228 2062 neque
255 2045 261 2052 .
290 2045 296 2051 .
320 2046 326 2053 .
355 2022 502 2053 cautam
528 2018 592 2064 est]

69 2064 168 2100 bloss
184 2063 243 2099 ein
260 2065 530 2109 sophistischer
543 2065 812 2110 Scheingrund.

68 2110 174 2147 Neue
194 2111 403 2148 Bsindnisse
430 2124 553 2148 waren
573 2113 721 2149 freilich
742 2114 813 2148 den

69 2160 231 2194 Romern
256 2160 362 2195 nicht
388 2162 592 2204 untersagt.
634 2162 812 2196 Dennoch

69 2217 146 2241 war
171 2207 468 2252 unzweifelhaft‚
496 2207 576 2243 dass
605 2208 663 2244 ein
689 2208 812 2243 Biind-

68 2254 128 2289 nis
163 2255 228 2289 der
265 2254 400 2291 Romer
438 2255 507 2290 mit
540 2255 668 2301 Capua
705 2257 813 2291 unter

70 2303 142 2337 den
187 2302 450 2338 vorhandenen
494 2303 723 2339 Umstiinden
769 2316 812 2338 zu

69 2348 191 2384 einem
253 2350 460 2395 sofortigen
514 2351 658 2386 Bruche
714 2352 814 2386 ihtes

70 2395 504 2433 Freundschaftsbundes
531 2399 600 2433 mit
620 2399 690 2433 den
712 2398 816 2433 Sam-

70 2442 172 2479 niten
199 2445 332 2480 ftihren
360 2446 494 2482 werde.

69 2537 96 2573 h
118 2496 151 2527 5.
177 2493 277 2539 velle]
310 2494 515 2537 wfinsehte,
551 2493 622 2528 den
650 2493 816 2527 Wunsch

99 2540 188 2574 atte.

117 2597 179 2622 vos
198 2588 393 2634 appeteret]
423 2601 484 2623 um
499 2588 592 2624 euch
606 2587 718 2632 warb,
735 2587 814 2622 sich

72 2634 162 2668 euch
190 2634 387 2670 anschloss.

108 2685 140 2715 6.
169 2682 364 2728 Campani]
402 2682 628 2728 Apposition
655 2695 697 2717 zu
725 2682 811 2717 dem

71 2725 227 2774 Subjekt
243 2729 282 2764 in
295 2731 469 2774 venimus,
489 2730 568 2764 wir
588 2729 811 2774 Campaner;

71 2775 165 2810 ohne
180 2787 255 2812 νιος.
294 2777 378 2822 Vgi.
399 2782 418 2820 ξ
438 2782 458 2813 9
485 2778 560 2812 und
580 2778 672 2822 Καὶ).
697 2781 751 2820 13,
771 2781 811 2812 10

71 2823 201 2858 milites
227 2825 282 2859 tui
307 2836 462 2860 oramus.

117 2872 321 2918 maynifice]
353 2871 747 2918 ‘grosssprecherisch,
774 2872 813 2906 in

143 2935 210 2962 Liv.
229 2937 264 2962 Β.
284 2938 308 2963 7.

644 2017 732 2053 Dies
763 2017 814 2054 ist

939 1737 970 1768 7.
997 1745 1132 1778 semper
1165 1734 1358 1780 faciemus]
1397 1733 1637 1779 Andeutung,

891 1780 972 1814 dass
999 1781 1058 1815 die
1091 1780 1298 1826 Campaner
1336 1795 1380 1816 zu
1414 1783 1534 1817 einem
1567 1782 1639 1818 sol-

892 1828 985 1863 chen
1023 1828 1187 1864 Bsindnis
1229 1828 1347 1864 bereit
1383 1830 1501 1873 seien,
1542 1829 1638 1865 nach

892 1875 1072 1910 welchem
1104 1877 1154 1911 sie
1188 1888 1261 1912 von
1295 1877 1366 1911 den
1398 1878 1561 1912 Romern
1594 1890 1638 1912 zu

888 1923 995 1967 jeder
1039 1924 1119 1958 Zeit
1168 1935 1230 1958 zur
1273 1924 1514 1970 Heeresfolge
1558 1925 1638 1960 auf-

893 1970 1082 2015 gefordert
1108 1972 1254 2006 werden
1279 1972 1458 2018 ko'nnten.

939 2022 970 2053 8.
1004 2019 1061 2054 his
1084 2019 1266 2065 flentibus]
1306 2020 1371 2055 der
1403 2020 1528 2065 Aquer
1558 2020 1637 2055 und

892 2066 1069 2108 Volsker‚
1101 2065 1226 2101 indem
1260 2067 1319 2102 die
1345 2067 1512 2111 Latiner,
1545 2068 1635 2103 Her-

890 2113 1016 2157 niker,
1043 2114 1240 2149 Aurunker
1265 2115 1342 2150 und
1369 2115 1551 2151 Sidiciner
1578 2116 1635 2151 als

889 2161 1223 2207 Bundesgenossen
1273 2163 1338 2198 der
1386 2162 1525 2198 Romer
1573 2163 1636 2199 be-

888 2209 1052 2244 trachtet
1079 2211 1236 2245 werden.

936 2260 967 2291 9.
996 2258 1209 2304 amicorum]
1227 2275 1269 2286 =
1285 2259 1405 2301 vestri,
1419 2257 1489 2293 wie
1507 2259 1630 2293 inimi-

887 2314 1009 2338 corum
1048 2304 1131 2340 dem
1175 2305 1375 2351 folgenden
1412 2306 1636 2342 Samnitium

891 2352 1108 2396 entsprieht.

939 2403 992 2433 10.
1020 2401 1258 2442 defenditis..
1277 2428 1282 2434 .
1299 2401 1479 2447 deseritis]
1507 2400 1631 2436 Praes.

891 2445 1010 2482 neben
1036 2449 1179 2489 erimus,
1210 2448 1289 2483 weil
1309 2448 1390 2483 eine
1411 2448 1477 2483 der
1497 2448 1633 2483 beiden

890 2493 1159 2540 Bedingungen
1175 2496 1320 2531 sofort
1334 2495 1450 2530 durch
1465 2496 1635 2531 denEnt-

892 2541 1019 2576 scheid
1045 2542 1108 2577 des
1136 2542 1288 2578 Senates
1314 2543 1444 2578 erfiillt
1469 2543 1573 2578 wird.

941 2593 994 2623 11.
1022 2591 1112 2634 eam]
1141 2590 1206 2624 auf
1222 2591 1287 2625 das
1308 2590 1429 2626 fex-ner
1450 2590 1629 2626 stehende

884 2637 1171 2672 misericordiam
1220 2637 1404 2683 bezogen,

885 2695 1004 2729 quam.

936 2735 987 2765 12.
1014 2732 1249 2778 quamquam]
1276 2731 1315 2767 in
1341 2732 1461 2767 einem
1483 2732 1628 2777 Haupt—

886 2779 976 2821 satz,
999 2778 1129 2822 ‘indes‚
1145 2779 1314 2825 jedoch’,
1336 2778 1631 2823 Beschrankung

886 2838 928 2859 zu
955 2826 1040 2862 aliis
1061 2854 1067 2862 .
1091 2855 1099 2863 .
1121 2856 1128 2863 .
1149 2831 1364 2871 praestant:
1392 2826 1507 2862 Nicht
1533 2824 1630 2862 bloss

886 2884 948 2907 um
975 2872 1045 2908 den
1073 2873 1281 2910 Sidicinern
1307 2887 1351 2909 zu
1377 2874 1520 2919 helfen,
1546 2885 1632 2910 son-

1330 2937 1350 2968 5

1455 2638 1524 2672 wie
1564 2641 1630 2680 §2
