1794 3084
166 91 224 132 34
703 91 848 126 LIBER
873 91 970 127 VIII.
1014 91 1116 127 CAP.
1139 95 1193 128 12.
1433 109 1457 128 a.
1477 110 1497 128 u
1527 110 1552 130 e.
1573 104 1728 131 414-416.

120 211 143 241 2
169 201 257 241 vita
290 200 438 241 deinde
469 202 710 241 aversatam
738 213 833 239 eum
863 201 1219 265 exsecratamque.
1280 199 1478 242 Antiates
1503 201 1549 242 in
1576 215 1727 256 agrum

170 258 424 309 Ostiensem,
458 258 699 312 Ardeatem,
733 256 955 299 Solonium
988 258 1253 300 incursiones
1284 258 1487 301 fecerunt.
1538 259 1728 303 Manlius

170 318 328 372 consul,
362 318 461 371 quia
493 317 584 370 ipse
616 331 691 370 per
724 316 1009 357 valetudinem
1036 317 1079 357 id
1106 317 1265 358 bellum
1293 318 1466 372 exsequi
1490 319 1727 374 nequierat,

171 377 426 418 dictatorem
459 375 504 416 L.
536 374 756 429 Papirium
791 373 1013 429 Crassum,
1047 376 1117 429 qui
1152 378 1242 416 tum
1275 376 1386 417 forte
1419 378 1511 418 erat
1542 380 1729 433 praetor,

123 447 141 477 3
170 436 294 490 dixit3
327 435 379 475 ab
413 449 462 476 eo
496 435 703 489 magister
731 434 920 488 equitum
947 433 992 475 L.
1019 434 1214 488 Papirius
1243 433 1402 477 Cursor
1428 435 1578 478 dictus.
1616 437 1726 478 nihil

169 493 446 535 memorabile
479 493 683 534 adversus
718 492 915 534 Antiates
955 492 1008 534 ab
1049 493 1257 534 dictatore
1297 496 1466 548 gestum
1504 497 1588 550 est,
1630 509 1725 537 cum

172 553 338 607 aliquot
370 566 539 593 menses
574 552 731 593 stativa
762 552 807 592 in
840 565 944 607 agro
976 551 1147 593 Antiati
1179 552 1415 594 habuisset.

121 623 143 652 4
289 611 416 651 Anno
449 610 609 664 insigni
641 610 822 652 victoria
854 610 905 651 de
937 613 1003 652 tot
1036 625 1084 652 ac
1125 613 1214 652 tam
1253 611 1502 665 potentibus
1541 612 1728 668 populis,

172 670 225 711 ad
256 669 338 711 hoc
371 670 592 711 consulum
626 669 800 710 alterius
833 669 970 710 nobili
1002 672 1150 723 morte,
1183 669 1360 710 alterius
1389 669 1499 712 sicut
1524 671 1634 712 truci
1660 671 1723 712 ita

170 730 284 771 claro
329 728 381 770 ad
426 728 676 770 memoriam
720 728 918 782 imperio,
966 742 1203 769 successere
1249 729 1443 770 consules
1489 728 1536 770 T.
1575 729 1721 771 Aemi-

169 788 253 829 lius
274 786 572 840 Mamercinus,
605 787 649 839 Q.
672 786 881 828 Publilius
900 785 1039 841 Philo,
1065 801 1200 842 neque
1227 787 1271 827 in
1293 787 1478 829 similem
1498 789 1725 830 materiam

123 858 143 888 5
170 862 330 901 rerum,
372 849 414 888 et
450 847 533 901 ipsi
573 850 646 887 aut
678 860 850 887 suarum
883 860 1025 887 rerum
1059 849 1133 886 aut
1163 846 1353 900 partium
1384 846 1428 887 in
1468 860 1514 888 re
1551 847 1726 901 publica

167 906 307 960 magis
341 920 468 960 quam
502 905 665 959 patriae
698 918 922 946 memores.
984 904 1162 945 Latinos
1205 905 1258 946 ob
1300 905 1408 946 iram
1449 905 1543 959 agri
1575 906 1724 948 amissi

166 964 424 1006 rebellantes
456 964 500 1005 in
534 964 693 1018 campis
720 962 975 1004 Fenectanis
1002 963 1202 1004 fuderunt
1234 964 1471 1017 castrisque
1504 967 1725 1006 exuerunt.

121 1036 140 1065 6
166 1024 227 1065 ibi
259 1023 465 1077 Publilio,
505 1023 623 1064 cuius
656 1022 785 1063 ductu
819 1022 1093 1076 auspicioque
1125 1036 1191 1063 res
1226 1024 1374 1078 gestae
1408 1025 1545 1077 erant,
1577 1023 1622 1064 in
1654 1023 1723 1065 de-

167 1082 371 1124 ditionem
395 1081 629 1135 accipiente
649 1080 826 1122 Latinos
854 1081 1054 1135 populos,
1087 1095 1267 1135 quorum
1293 1081 1353 1122 ibi
1379 1081 1578 1123 iuventus
1600 1096 1726 1124 caesa

121 1153 139 1183 7
168 1144 277 1194 erat,
311 1141 519 1182 Aemilius
553 1140 605 1181 ad
638 1139 797 1181 Pedum
831 1140 1062 1181 exercitum
1096 1140 1227 1181 duxit.
1288 1139 1489 1181 Pedanos
1521 1140 1727 1182 tuebatur

166 1199 340 1254 Tiburs,
383 1199 690 1241 Praenestinus
722 1199 1056 1253 Veliternusque
1088 1199 1289 1252 populus3
1333 1201 1539 1240 venerant
1581 1202 1624 1240 et
1667 1200 1725 1241 ab

117 1270 137 1300 8
165 1259 355 1300 Lanuvio
390 1259 607 1312 Antioque
639 1258 809 1299 auxilia.
871 1257 945 1298 ubi
986 1272 1081 1299 cum
1119 1258 1293 1311 proeliis
1327 1257 1496 1312 quidem
1529 1258 1725 1324 superior

165 1317 387 1358 Romanus
420 1319 547 1370 esset,
587 1317 639 1358 ad
679 1317 827 1357 urbem
866 1316 1005 1370 ipsam
1046 1316 1206 1357 Pedum
1249 1320 1477 1371 castraque
1510 1318 1723 1358 sociorum

165 1376 439 1430 populorum,
478 1389 584 1430 quae
624 1376 718 1416 urbi
758 1375 959 1416 adiuncta
991 1378 1132 1429 erant,
1171 1375 1336 1440 integer
1373 1375 1496 1417 labor
1528 1364 1726 1431 restaret,

118 1447 136 1477 9
166 1435 278 1476 bello
311 1435 470 1476 infecto
509 1436 685 1500 repente
723 1434 881 1475 omisso
920 1434 1086 1486 consul,
1132 1434 1233 1487 quia
1275 1434 1463 1488 collegae
1505 1434 1721 1476 decretum

163 1493 431 1548 triumphum
464 1493 638 1546 audivit,
671 1493 762 1547 ipse
789 1506 955 1547 quoque
987 1466 1195 1545 triuinphi
1222 1495 1322 1533 ante
1348 1493 1576 1534 victoriam
1602 1493 1723 1548 flagi-

95 1566 137 1596 10
163 1555 281 1594 tator
312 1552 495 1594 Romam
526 1551 662 1592 rediit.
709 1565 792 1606 qua
825 1550 1057 1604 cupiditate
1091 1550 1262 1592 offensis
1296 1551 1494 1605 patribus
1525 1552 1722 1605 neganti·

162 1611 325 1666 busque
352 1611 434 1652 nisi
466 1611 580 1652 Pedo
614 1613 738 1664 capto
773 1612 846 1651 aut
880 1609 1023 1651 dedito
1056 1609 1345 1664 triumphum,
1377 1609 1477 1651 hinc
1509 1610 1723 1652 alienatus

164 1670 217 1711 ab
251 1672 401 1711 senatu
429 1669 641 1711 Aemilius
669 1669 884 1710 seditiosis
911 1668 1201 1710 tribunatibus
1230 1669 1415 1710 similem
1442 1668 1592 1710 deinde
1619 1683 1721 1710 con-

94 1742 135 1772 11
167 1729 354 1769 sulatum
387 1729 534 1783 gessit.
568 1743 668 1769 nam
701 1742 848 1783 neque,
882 1728 1021 1781 quoad
1055 1727 1139 1768 fuit
1171 1729 1332 1781 consul,
1365 1727 1584 1768 criminari
1611 1727 1723 1782 apud

162 1789 367 1842 populum
401 1790 545 1842 patres
579 1786 745 1828 destitit
771 1786 936 1841 collega
962 1786 1295 1841 haudquaquam
1324 1785 1591 1842 adversante,
1622 1786 1722 1842 quia

208 1914 427 1960 aversatam]
455 1914 537 1959 Vgl.
564 1913 658 1958 Kap.
683 1917 737 1957 12,
761 1918 789 1947 1.
975 1924 1186 1948 zusammen
1205 1916 1271 1948 352
1283 1926 1313 1948 v.
1325 1912 1407 1947 Chr.
1435 1911 1606 1957 Mitglied
1620 1913 1723 1949 eines

208 1965 241 1997 2.
266 1961 451 2006 Antiates]
475 1961 534 1996 Sie
549 1971 673 1995 waren
689 1960 740 1994 im
755 1961 902 1995 vorher-
974 1959 1213 1995 Finanzrates
1241 1960 1294 2005 (7,
1310 1964 1366 2002 21,
1388 1961 1441 2005 6),
1475 1961 1600 2005 spater
1624 1960 1721 1996 noch

160 2008 354 2052 gehenden
386 2008 499 2043 Jahre
534 2018 604 2042 von
638 2008 708 2042 den
740 2008 902 2042 Romern
975 2007 1132 2041 dreimal
1151 2006 1293 2041 Konsul
1313 2008 1411 2052 (327,
1439 2010 1518 2051 320,
1546 2010 1640 2052 315).

160 2056 385 2100 geschlagen
406 2055 555 2089 worden
581 2054 689 2099 (Kap.
714 2059 743 2097 1,
759 2055 867 2107 (βε.)-
1023 2063 1054 2094 5.
1081 2059 1309 2105 ueque...et]
1336 2059 1423 2094 teile
1443 2059 1563 2096 nicht.
1580 2088 1587 2096 .
1603 2060 1720 2096 .teils.

207 2102 411 2153 SOIOW'L‘W]
438 2102 511 2136 Des
538 2112 626 2154 ages
647 2101 815 2136 SOIOfflUS
840 2103 902 2154 1³53
1022 2114 1210 2147 materiam
1236 2113 1373 2158 rerum]
1402 2123 1450 2146 sc.
1467 2114 1721 2157 yeremlarum,

161 2150 343 2183 zwischen
381 2149 452 2200 den
478 2149 659 2183 Gebieten
690 2159 763 2183 von
797 2148 902 2182 Ostia
977 2159 1079 2202 Stoff,
1107 2159 1352 2204 Gelegenheit
1377 2171 1420 2193 zu
1447 2159 1601 2194 Thamn-

158 2196 234 2230 und
259 2196 477 2249 Lanmum.
780 2242 791 2252 ,
1025 2216 1055 2248 7.
1080 2212 1230 2257 Tiburs]
1249 2212 1719 2257 Gen.Ttbuo·tis,Adjektiv

205 2242 250 2276 L.
284 2243 479 2287 Palm-tum
525 2242 716 2287 Crassum]
761 2241 902 2276 honsul
974 2270 1057 2293 zum
1085 2259 1330 2293 Stadtnamen
1357 2259 1484 2294 Tibur·

158 2292 226 2324 336
253 2290 327 2323 und
354 2293 421 2323 330
442 2301 474 2323 v.
497 2289 591 2332 Chr„
617 2292 685 2324 325
707 2289 900 2333 Stadtpr'a—
1020 2315 1052 2346 8.
1080 2311 1158 2357 ubi]
1188 2329 1232 2340 Ξ
1259 2313 1308 2346 ad
1336 2312 1486 2347 Pedum·

157 2336 600 2428 Ἑριῗ,(1[)<ίῧ9Ῑί-ἠίἶ’ὲῗ)ᾗεογ]
622 2383 671 2417 Er
686 2394 760 2417 war
774 2384 901 2426 spat&
1021 2365 1070 2399 ad
1095 2365 1233 2410 urbem]
1261 2375 1308 2399 sc.
1339 2367 1472 2407 autem,
1508 2367 1627 2399 tamen
1660 2365 1717 2400 als

157 2429 315 2464 ffinfmal
341 2429 482 2465 Konsul
510 2432 604 2474 (332,
623 2434 702 2472 320,
725 2433 898 2473 319‚315‚
977 2410 1183 2456 Gegensatz
1214 2424 1256 2445 ΖΠ
1282 2412 1433 2456 quidem.

157 2479 246 2521 313)
283 2478 358 2511 und
395 2476 563 2511 zweimal
598 2477 772 2511 Diktator
808 2478 897 2521 (3;)5
1020 2468 1051 2499 9.
1079 2464 1320 2510 triumphum]
1337 2463 1715 2520 Q.Publiliustrium-

157 2525 232 2558 und
259 2526 352 2568 309)
970 2511 1117 2555 phierte
1150 2522 1210 2544 am
1238 2514 1291 2545 13.
1318 2511 1400 2545 Jan.
1433 2511 1524 2545 uber
1554 2510 1614 2544 die
1648 2511 1719 2546 La-

205 2571 308 2615 Kap
336 2571 400 2616 12
422 2574 548 2606 4—17
581 2570 668 2605 Das
694 2570 802 2605 Jahr
828 2574 896 2605 415
970 2557 1068 2591 tiner
1095 2557 1205 2601 (nach
1232 2558 1302 2593 den
1322 2555 1690 2601 Triumphalfasten).

156 2617 232 2652 der
271 2618 426 2653 Stadt:
471 2629 608 2652 neuer
647 2617 751 2662 Soeg
787 2618 897 2652 fiber
1020 2614 1072 2644 10.
1099 2611 1199 2662 hiric]
1227 2611 1323 2646 nach
1349 2610 1433 2644 dem
1450 2609 1574 2661 Ablat.
1596 2609 1714 2645 absol.

156 2664 226 2699 die
265 2665 473 2708 Latiner3
519 2665 592 2699 die
634 2664 776 2710 Leges
814 2664 896 2698 Pu-
970 2657 1225 2701 pleonastisch
1275 2658 1346 2692 den
1397 2655 1598 2700 Zeitpunkt
1647 2657 1713 2691 der

153 2711 327 2747 bliliae,
969 2704 1290 2749 Haupthandlung
1321 2702 1616 2747 hervorhebend‚
1642 2702 1713 2738 wie
1747 2717 1767 2730 ο

202 2762 233 2793 4.
262 2759 302 2793 Τ.
328 2759 522 2805 Aemilius]
545 2762 611 2794 341
638 2759 768 2793 Pr'ator
788 2758 894 2802 (Kap.
971 2751 1151 2785 zuweilen
1176 2752 1314 2786 deinde.

155 2808 188 2845 2,
211 2807 256 2848 1‘).
1020 2807 1072 2839 11.
1099 2803 1226 2849 neque]
1247 2803 1316 2838 mit
1331 2802 1659 2847 entsprechendem
1679 2805 1713 2837 et

203 2851 244 2896 Q.
273 2852 482 2897 Publilius]
521 2851 591 2888 mit
621 2852 705 2887 dem
741 2850 895 2896 vorigen
968 2850 1008 2885 in
1033 2854 1052 2892 ς’
1075 2853 1129 2885 12.
