1794 3084
88 140 113 158 a.
135 132 186 158 cn.
207 139 236 158 n.
258 132 318 157 339.
339 131 398 157 333.
654 119 797 155 LIBER
824 119 883 155 VI.
935 119 1035 154 CAP.
1063 123 1095 154 4.

1600 117 1653 158 13

89 244 244 285 poena,
290 229 362 284 qui
407 243 492 270 non
535 229 811 284 remigrasset
851 228 1052 281 Romam,
1098 241 1148 268 ex
1187 225 1402 268 ferocibus
1445 226 1656 267 universis

92 289 297 344 singuIOS,
329 292 448 329 metu
482 303 558 329 suo
592 302 814 342 quemque,
846 286 1125 328 oboedientes
1158 285 1270 327 fecit.
1320 288 1363 326 et
1396 284 1530 326 Roma
1562 298 1657 326 cum
1684 296 1703 327 6

91 346 333 413 frequentia
365 360 573 400 crescere,
612 350 703 387 tum
737 348 829 387 tota
862 346 989 386 simul
1023 359 1248 399 exsurgere
1276 343 1496 396 aedificiis,
1538 346 1580 384 et
1612 358 1656 384 re

90 406 265 461 publica
290 406 548 467 impensas
537 405 781 455 adiuvante,
808 407 851 446 et
872 404 1080 446 aedilibus
1101 404 1220 445 velut
1240 402 1460 469 publicum
1486 401 1657 456 eximen-

90 466 208 507 tibus
249 479 376 518 opUS,
406 460 457 505 et
496 464 602 518 ipsis
641 439 822 518 privatis
861 487 908 492 —
934 463 1209 504 admonebat
1249 462 1361 504 enim
1401 461 1658 502 desiderium

90 538 194 566 usus
222 548 276 552 ——
302 523 612 564 festinantibus
640 522 693 564 ad
720 523 917 564 effectum
945 522 1108 576 operis3
1135 522 1332 576 intraque
1360 535 1520 562 annum
1546 534 1660 561 nova

91 583 195 625 urbs
229 582 360 624 stetit.

212 641 344 682 Exitu
372 641 475 682 anni
503 640 678 682 comitia
705 640 976 681 tribunorum
998 639 1182 679 militum
1207 639 1421 680 consulari
1442 640 1659 692 potestate

91 700 255 742 habita.
312 700 445 742 creati
477 699 522 741 T.
555 698 780 748 Quinctius
815 697 1122 751 Cincinnatus,
1155 697 1202 746 Q.
1236 696 1442 738 Servilius
1475 697 1660 738 Fidenas

94 759 312 814 quintum,
355 758 401 799 L.
440 757 576 799 Iulius
614 757 750 812 Iulus,
795 757 839 798 L.
878 757 1079 812 Aquilius
1120 755 1303 810 Corvus,
1350 756 1395 797 L.
1436 755 1660 797 Lucretius

92 818 385 873 Tricipitinus,
417 815 503 858 Ser.
526 815 739 871 Sulpicius
759 816 909 858 Rufus.
948 816 1179 857 exercitum
1203 815 1386 856 alterum
1409 815 1452 855 in
1474 814 1661 869 Aequos,

92 892 180 919 non
218 877 271 918 ad
310 877 471 918 bellum
511 901 566 906 —
607 877 745 918 victos
784 890 969 930 namque
1009 890 1053 916 se
1091 874 1340 916 fatebantur
1377 898 1451 927 —-,
1490 874 1563 915 sed
1606 874 1660 915 ab

94 936 191 979 odio
232 935 284 977 ad
322 935 635 990 pervastandos
675 935 799 985 fines,
842 949 895 976 ne
934 934 1037 989 quid
1076 933 1129 975 ad
1168 947 1280 974 nova
1318 932 1498 975 consilia
1539 933 1663 974 relin-

95 998 296 1051 queretur
322 994 490 1048 virium,
522 995 689 1047 duxere,
723 994 906 1035 alterum
933 994 977 1034 in
1005 1006 1158 1047 agrum
1185 992 1554 1047 Tarquiniensem.
1600 991 1660 1032 ibi

95 1054 253 1109 oppida
285 1053 568 1095 Etruscorum
601 1051 814 1094 Cortuosa
847 1055 889 1094 et
915 1050 1185 1094 Contenebra
1220 1053 1260 1092 vi
1295 1054 1432 1105 capta.
1479 1051 1532 1092 ad
1560 1048 1660 1092 Cor-

94 1116 268 1155 tuosam
300 1112 408 1154 nihil
442 1112 688 1153 certaminis
721 1111 820 1153 fuit:
861 1110 1095 1165 improviso
1130 1110 1270 1152 adorti
1303 1110 1441 1164 primo
1475 1110 1660 1151 clamore

96 1174 225 1227 atque
263 1171 428 1226 impetu
467 1185 635 1226 cepere3
676 1170 890 1225 direptum
929 1169 1132 1223 oppidum
1173 1173 1301 1223 atque
1332 1169 1554 1210 incensum
1586 1170 1663 1210 est.

98 1229 370 1273 Contenebra
414 1245 574 1284 paucos
626 1230 715 1271 dies
766 1229 1134 1284 oppugnationem
1186 1228 1407 1282 sustinuit,
1456 1228 1663 1282 laborque

97 1291 342 1342 continuus,
374 1303 462 1330 non
493 1289 578 1344 die,
611 1303 700 1330 non
731 1291 858 1330 nocte
890 1287 1114 1341 remissus,
1148 1286 1322 1342 subegit
1353 1301 1436 1328 eos.
1493 1300 1587 1328 cum
1619 1286 1663 1327 in

97 1363 171 1391 sex
208 1351 352 1403 partes
393 1347 556 1390 divisus
595 1347 805 1389 exercitus
843 1346 1063 1388 Romanus
1109 1347 1223 1388 senis
1267 1346 1385 1387 horis
1426 1345 1473 1386 in
1514 1346 1662 1387 orbem

97 1407 341 1450 succederet
371 1407 549 1462 proelio,
582 1407 820 1461 oppidanos
849 1407 1022 1448 eosdem
1048 1406 1216 1460 integro
1244 1419 1413 1459 semper
1439 1404 1664 1446 certamini

96 1524 194 1560 dum.
246 1523 298 1558 Zu
335 1524 412 1558 dies
445 1524 669 1568 praestituta
705 1523 781 1568 vgl.
815 1527 846 1566 3,

97 1575 155 1616 22,
175 1575 215 1614 4;
245 1574 299 1615 10,
321 1574 377 1614 20,
400 1574 461 1613 163
488 1574 545 1613 45,
569 1573 623 1614 11,
647 1574 701 1604 11.
740 1571 847 1604 Auen

965 1522 1010 1557 L
1030 1522 1174 1574 Julius]
1195 1521 1291 1556 auch
1312 1524 1380 1555 379
1404 1532 1437 1555 v,
1460 1519 1542 1555 Chr.
1564 1520 1662 1555 Kon—

918 1568 1148 1604 sulartribnn
1175 1569 1283 1614 (Kap.
1312 1572 1368 1612 30,
1396 1570 1443 1611 2).

98 1630 141 1653 zu
161 1629 284 1664 poena
302 1617 354 1652 ist
373 1618 432 1653 ein
451 1617 618 1662 Particip
633 1630 676 1652 zu
692 1617 847 1652 denken.

144 1673 208 1717 qui
241 1681 317 1706 «non
348 1670 593 1716 remiyrasset]
621 1688 665 1699 =
691 1671 759 1714 eis,
786 1671 850 1715 qui

97 1729 173 1754 non
197 1719 452 1764 remiyrassem
485 1717 576 1753 oder
601 1719 633 1752 si
669 1719 750 1763 quis
775 1728 849 1753 nou

98 1767 336 1813 remiyrasset.

147 1830 191 1854 ex
208 1819 390 1863 ferocibus
411 1818 610 1864 universis]
630 1829 696 1853 aus
717 1818 848 1862 denen,

101 1867 243 1902 welche
263 1865 303 1900 in
322 1865 424 1900 ihrer
440 1865 698 1910 Vereinigung
719 1865 848 1900 wider-

103 1914 273 1959 spenstig
300 1924 472 1958 gewesen
499 1923 632 1948 waren.

149 1970 181 2002 6.
225 1967 319 2013 tota]
355 1966 393 2000 in
426 1966 548 2001 seiner
580 1976 724 2011 ganzen
757 1966 849 2000 Aus-

105 2013 292 2059 dehnung,
320 2012 476 2048 fiberall.

148 2067 362 2111 adiuvante]
401 2068 535 2111 tragen
567 2065 663 2110 half,
702 2077 750 2101 an
780 2093 788 2101 .
811 2092 848 2101 ..

99 2112 260 2160 beitrug.

148 2167 393 2214 eaeiyentvbus]
421 2165 653 2208 einfordern,
687 2165 756 2200 wie
790 2165 849 2200 die

102 2214 288 2250 Censoren
334 2213 394 2249 die
435 2192 732 2258 Fertigstellung
768 2223 849 2247 ver-

100 2261 265 2307 gebener
284 2261 430 2296 Bauten
449 2260 652 2304 forderten,
680 2262 713 2295 d.
732 2260 766 2295 h.
787 2260 848 2295 be-

101 2309 258 2344 treiben.

148 2356 254 2402 usus]
282 2356 514 2400 Benutzung,
543 2354 634 2390 Gen.

148 2409 251 2454 Kap.
280 2408 320 2455 4,
349 2413 420 2443 7-
430 2408 472 2450 6,
505 2413 537 2443 3.
594 2408 675 2442 Die
707 2406 849 2442 Jahre

102 2460 182 2492 366
209 2421 296 2491 und
323 2459 404 2491 367
432 2456 508 2490 der
530 2455 681 2490 Stadt:
708 2454 850 2499 Krieg

100 2504 183 2539 mit
215 2502 670 2547 Tarquin1131nnere
702 2502 848 2554 Ange-

101 2550 178 2596 leg
187 2551 399 2587 enheiten
420 2549 638 2596 (Bildung
658 2560 741 2584 von
755 2559 850 2584 Vier

102 2608 245 2634 neuen
270 2597 460 2640 Tribus).

151 2653 183 2685 7.
214 2651 300 2697 T.Q
271 2649 599 2732 ῼαὶποῠίιιεέζεωῗὼ
621 2652 690 2685 384
710 2661 743 2684 v.
763 2647 845 2684 Chr.

103 2695 413 2733 Konsulartribun
454 2700 466 2742 (
504 2709 550 2742 ap
591 2701 651 2742 18,
686 2698 738 2740 1),
778 2699 846 2731 380

103 2744 278 2780 Diktator
302 2745 408 2790 (Kap.
431 2748 487 2788 28,
514 2747 560 2789 3).

155 2798 193 2843 Q.
221 2798 420 2844 Servilius]
454 2797 505 2832 Er
534 2797 748 2833 bekleidete
781 2796 847 2830 das

105 2842 457 2880 Konsulartribunat
511 2844 697 2879 sechsmal
747 2845 847 2888 (402,

106 2894 185 2935 398,
213 2896 292 2936 395,
319 2895 398 2935 390,
426 2895 506 2937 333,
536 2893 632 2936 336).

966 1617 1011 1651 L.
1032 1617 1132 1651 Luci·
1135 1616 1241 1662 etius]
1263 1615 1362 1650 Kons
1366 1615 1404 1650 ul
1429 1618 1495 1649 393
1518 1626 1550 1648 v.
1568 1612 1665 1657 Chr„

917 1664 1074 1699 viermal
1107 1663 1422 1698 Konsulartribun
1453 1662 1556 1706 (391,
1584 1664 1663 1704 388,

919 1715 999 1752 333,
1026 1711 1122 1755 331).

967 1758 1043 1793 Ser.
1066 1758 1270 1803 Sulpicius]
1293 1757 1390 1792 auch
1411 1759 1480 1791 384
1502 1755 1576 1790 und
1597 1759 1664 1790 383

919 1804 1244 1841 Konsulartribun.

967 1856 998 1887 8.
1049 1852 1278 1898 fatebantur]
1331 1850 1402 1885 mit
1451 1850 1665 1895 doppeltem

919 1900 1018 1943 Acc.,
1039 1899 1109 1934 wie
1130 1903 1162 1942 3,
1186 1902 1238 1941 19,
1259 1903 1279 1933 6
1299 1899 1432 1933 hostem
1451 1909 1486 1932 se
1505 1897 1664 1941 fatendo.

920 1967 963 1972 —
992 1946 1061 1981 Die
1088 1946 1236 1991 Aequer
1263 1945 1479 1979 erscheinen
1507 1945 1583 1979 eist
1614 1944 1665 1978 im

920 1995 952 2030 J.
975 1997 1043 2029 304
1070 1994 1206 2028 wieder
1232 1994 1283 2028 im
1304 1993 1440 2037 Kriege
1467 1992 1537 2027 mit
1559 1992 1664 2027 Rom.

967 2042 1012 2076 ab
1039 2041 1138 2087 odio]
1166 2041 1249 2084 Vgl.
1279 2040 1369 2085 Kap.
1399 2043 1431 2083 2,
1459 2043 1490 2074 9.

966 2100 1007 2123 m
1027 2100 1156 2134 ayt-um
1179 2087 1494 2132 Tarquiniensem]
1521 2085 1559 2120 111
1579 2086 1665 2121 wel-

920 2136 1027 2170 chem
1048 2136 1142 2170 nach
1164 2135 1248 2170 dem
1264 2134 1587 2178 Zusammenhang
1605 2132 1665 2167 die

1693 1242 1734 1273 10

921 2182 1127 2218 Stadtehen
1143 2182 1326 2217 Cortuosa
1344 2181 1419 2216 und
1435 2180 1666 2216 Contenebra
1737 2207 1741 2212 .

919 2229 1048 2274 lagen,
1082 2230 1142 2265 die
1178 2229 1258 2265 also
1284 2240 1358 2264 von
1383 2227 1578 2273 Tarquinii
1603 2228 1665 2262 ab·

919 2277 1064 2323 hangig
1091 2288 1224 2312 waren.

969 2324 1256 2370 10.lc1borque]
1298 2324 1415 2369 eim'ye
1451 2350 1494 2358 ..

919 2371 1013 2417 Kap.
1045 2377 1098 2415 16,
1128 2376 1167 2414 53
1192 2374 1250 2414 21,
1278 2375 1307 2406 9.

967 2419 1039 2465 eos]
1067 2416 1162 2454 κατὰ
1190 2416 1339 2453 σύνεσιν
1367 2419 1459 2452 statt
1484 2428 1571 2452 eam.

967 2466 1064 2513 cum]
1091 2469 1157 2501 As
1146 2467 1305 2512 Jndeton
1329 2465 1599 2510 eaeplicatitum.

967 2515 1008 2549 in
1033 2514 1207 2559 or‘bem]
1213 2514 1263 2547 im
1283 2512 1411 2547 Kreise
1437 2511 1598 2553 heium’,
1625 2521 1664 2545 so

921 2561 1006 2596 dass
1040 2561 1127 2605 jede
1161 2559 1368 2604 Abteilung
1406 2558 1486 2594 eine
1525 2537 1664 2592 Stu⁷nde

921 2608 1010 2652 lang
1031 2609 1103 2642 den
1117 2607 1267 2652 Angriff
1282 2607 1417 2641 fiihrte.
1445 2610 1464 2640 5
1469 2633 1477 2648 ,
1495 2608 1549 2648 19,
1567 2607 1608 2638 11
1624 2605 1666 2638 in

915 2659 1043 2699 partes
1066 2666 1128 2690 sex
1147 2656 1371 2689 munitorum
1396 2662 1586 2687 numerum
1609 2652 1664 2686 cli·

920 2702 1027 2742 visit;
1066 2712 1172 2737 senae
1205 2703 1313 2736 horae
1345 2701 1386 2735 in
1417 2700 1533 2735 orbem
1565 2699 1666 2743 operi

921 2750 1121 2784 attributae
1145 2752 1241 2783 sunt.

963 2796 1126 2841 proelio]
1261 2794 1550 2840 proeliantibus,
1604 2792 1664 2826 die

921 2843 1180 2888 Kitmpfenden
1207 2842 1371 2884 ablo'ste,
1405 2840 1439 2875 d.
1468 2841 1502 2875 h.
1528 2840 1567 2875 in
1593 2840 1665 2874 den

921 2890 1064 2935 Kampf
1084 2889 1226 2926 riickte.

1524 2322 1665 2357 .doch.
