<?xml version="1.0" encoding="UTF-8"?>
<!DOCTYPE html PUBLIC "-//W3C//DTD XHTML 1.0 Transitional//EN"
    "http://www.w3.org/TR/xhtml1/DTD/xhtml1-transitional.dtd">
<html xmlns="http://www.w3.org/1999/xhtml" xml:lang="en" lang="en">
 <head>
  <title>
</title>
<meta http-equiv="Content-Type" content="text/html;charset=utf-8" />
  <meta name='ocr-system' content='tesseract 3.04.00' />
  <meta name='ocr-capabilities' content='ocr_page ocr_carea ocr_par ocr_line ocrx_word'/>
</head>
<body>
  <div class='ocr_page' id='page_1' title='image "./aburbeconditali00livyuoft_0260.png"; bbox 0 0 1794 3084; ppageno 0'>
   <div class='ocr_carea' id='block_1_1' title="bbox 125 544 179 586">
    <p class='ocr_par' dir='ltr' id='par_1_1' title="bbox 125 544 179 586">
     <span class='ocr_line' id='line_1_1' title="bbox 125 544 179 586; baseline 0 0"><span class='ocrx_word' id='word_1_1' title='bbox 125 544 179 586; x_wconf 81' lang='lat'>15</span> 
     </span>
    </p>
   </div>
   <div class='ocr_carea' id='block_1_2' title="bbox 142 1192 823 1234">
    <p class='ocr_par' dir='ltr' id='par_1_2' title="bbox 142 1192 823 1234">
     <span class='ocr_line' id='line_1_2' title="bbox 142 1192 823 1234; baseline -0.003 0"><span class='ocrx_word' id='word_1_2' title='bbox 142 1203 164 1234; x_wconf 87' lang='lat'>4</span> <span class='ocrx_word' id='word_1_3' title='bbox 191 1192 372 1234; x_wconf 89' lang='lat' dir='ltr'>emissus</span> <span class='ocrx_word' id='word_1_4' title='bbox 411 1192 608 1233; x_wconf 85' lang='lat' dir='ltr'>turbatos</span> <span class='ocrx_word' id='word_1_5' title='bbox 658 1192 823 1234; x_wconf 84' lang='lat' dir='ltr'>avertit.</span> 
     </span>
    </p>
   </div>
   <div class='ocr_carea' id='block_1_3' title="bbox 195 81 1247 123">
    <p class='ocr_par' dir='ltr' id='par_1_3' title="bbox 195 81 1247 123">
     <span class='ocr_line' id='line_1_3' title="bbox 195 81 1247 123; baseline 0.003 -8"><span class='ocrx_word' id='word_1_6' title='bbox 195 81 251 123; x_wconf 89' lang='lat'>36</span> <span class='ocrx_word' id='word_1_7' title='bbox 689 82 829 117; x_wconf 82' lang='lat' dir='ltr'>LIBER</span> <span class='ocrx_word' id='word_1_8' title='bbox 854 82 932 117; x_wconf 81' lang='lat' dir='ltr'>vn.</span> <span class='ocrx_word' id='word_1_9' title='bbox 981 82 1081 117; x_wconf 82' lang='lat' dir='ltr'>CAP.</span> <span class='ocrx_word' id='word_1_10' title='bbox 1112 85 1164 120; x_wconf 86' lang='lat'>14.</span> <span class='ocrx_word' id='word_1_11' title='bbox 1193 86 1247 118; x_wconf 88' lang='lat'>15.</span> 
     </span>
    </p>
   </div>
   <div class='ocr_carea' id='block_1_4' title="bbox 1543 93 1746 120">
    <p class='ocr_par' dir='ltr' id='par_1_4' title="bbox 1543 93 1746 120">
     <span class='ocr_line' id='line_1_4' title="bbox 1543 93 1746 120; baseline 0.01 -2"><span class='ocrx_word' id='word_1_12' title='bbox 1543 100 1568 119; x_wconf 78' lang='lat' dir='ltr'>a.</span> <span class='ocrx_word' id='word_1_13' title='bbox 1589 101 1618 120; x_wconf 89' lang='lat' dir='ltr'>u.</span> <span class='ocrx_word' id='word_1_14' title='bbox 1636 100 1661 119; x_wconf 87' lang='lat' dir='ltr'>c.</span> <span class='ocrx_word' id='word_1_15' title='bbox 1681 93 1746 120; x_wconf 79' lang='grc'><strong>396.</strong></span> 
     </span>
    </p>
   </div>
   <div class='ocr_carea' id='block_1_5' title="bbox 127 190 1743 234">
    <p class='ocr_par' dir='ltr' id='par_1_5' title="bbox 127 190 1743 234">
     <span class='ocr_line' id='line_1_5' title="bbox 127 190 1743 234; baseline 0.001 -1"><span class='ocrx_word' id='word_1_16' title='bbox 127 202 169 234; x_wconf 88' lang='grc'>10</span> <span class='ocrx_word' id='word_1_17' title='bbox 196 193 244 233; x_wconf 85' lang='lat' dir='ltr'>ut</span> <span class='ocrx_word' id='word_1_18' title='bbox 275 191 475 233; x_wconf 87' lang='lat' dir='ltr'>adversus</span> <span class='ocrx_word' id='word_1_19' title='bbox 509 192 675 233; x_wconf 85' lang='lat' dir='ltr'>montes</span> <span class='ocrx_word' id='word_1_20' title='bbox 709 190 960 232; x_wconf 73' lang='lat' dir='ltr'>consisteret</span> <span class='ocrx_word' id='word_1_21' title='bbox 991 190 1140 232; x_wconf 82' lang='lat' dir='ltr'>hostis.</span> <span class='ocrx_word' id='word_1_22' title='bbox 1196 191 1405 233; x_wconf 84' lang='lat' dir='ltr'>instructo</span> <span class='ocrx_word' id='word_1_23' title='bbox 1437 191 1537 233; x_wconf 85' lang='lat' dir='ltr'>vani</span> <span class='ocrx_word' id='word_1_24' title='bbox 1567 192 1743 234; x_wconf 86' lang='lat' dir='ltr'>terroris</span> 
     </span>
    </p>
   </div>
   <div class='ocr_carea' id='block_1_6' title="bbox 194 249 1747 482">
    <p class='ocr_par' dir='ltr' id='par_1_6' title="bbox 194 249 1747 482">
     <span class='ocr_line' id='line_1_6' title="bbox 197 249 1746 316; baseline 0.001 -24"><span class='ocrx_word' id='word_1_25' title='bbox 197 254 426 316; x_wconf 79' lang='lat' dir='ltr'>apparatu,</span> <span class='ocrx_word' id='word_1_26' title='bbox 464 250 536 304; x_wconf 89' lang='lat' dir='ltr'>qui</span> <span class='ocrx_word' id='word_1_27' title='bbox 571 249 740 304; x_wconf 88' lang='lat' dir='ltr'>quidem</span> <span class='ocrx_word' id='word_1_28' title='bbox 772 251 911 290; x_wconf 86' lang='lat' dir='ltr'>terror</span> <span class='ocrx_word' id='word_1_29' title='bbox 941 249 1037 303; x_wconf 90' lang='lat' dir='ltr'>plus</span> <span class='ocrx_word' id='word_1_30' title='bbox 1070 263 1205 303; x_wconf 86' lang='lat' dir='ltr'>paene</span> <span class='ocrx_word' id='word_1_31' title='bbox 1236 250 1346 291; x_wconf 82' lang='lat' dir='ltr'>veris</span> <span class='ocrx_word' id='word_1_32' title='bbox 1378 249 1539 292; x_wconf 86' lang='lat' dir='ltr'>viribus</span> <span class='ocrx_word' id='word_1_33' title='bbox 1570 250 1746 306; x_wconf 81' lang='lat' dir='ltr'>profuit,</span> 
     </span>
     <span class='ocr_line' id='line_1_7' title="bbox 196 307 1745 364; baseline 0.001 -14"><span class='ocrx_word' id='word_1_34' title='bbox 196 310 333 363; x_wconf 90' lang='lat' dir='ltr'>primo</span> <span class='ocrx_word' id='word_1_35' title='bbox 379 308 547 350; x_wconf 89' lang='lat' dir='ltr'>credere</span> <span class='ocrx_word' id='word_1_36' title='bbox 593 308 720 349; x_wconf 90' lang='lat' dir='ltr'>duces</span> <span class='ocrx_word' id='word_1_37' title='bbox 766 307 986 349; x_wconf 84' lang='lat' dir='ltr'>Gallorum</span> <span class='ocrx_word' id='word_1_38' title='bbox 1030 323 1116 350; x_wconf 89' lang='lat' dir='ltr'>non</span> <span class='ocrx_word' id='word_1_39' title='bbox 1161 308 1437 350; x_wconf 83' lang='lat' dir='ltr'>descensuros</span> <span class='ocrx_word' id='word_1_40' title='bbox 1481 309 1524 350; x_wconf 86' lang='lat' dir='ltr'>in</span> <span class='ocrx_word' id='word_1_41' title='bbox 1563 323 1745 364; x_wconf 88' lang='lat' dir='ltr'>aequum</span> 
     </span>
     <span class='ocr_line' id='line_1_8' title="bbox 194 366 1744 433; baseline 0.001 -24"><span class='ocrx_word' id='word_1_42' title='bbox 194 368 428 421; x_wconf 87' lang='lat' dir='ltr'>Romanos·</span> <span class='ocrx_word' id='word_1_43' title='bbox 462 367 623 433; x_wconf 82' lang='lat' dir='ltr'>deinde,</span> <span class='ocrx_word' id='word_1_44' title='bbox 655 366 727 408; x_wconf 90' lang='lat' dir='ltr'>ubi</span> <span class='ocrx_word' id='word_1_45' title='bbox 759 367 981 421; x_wconf 84' lang='lat' dir='ltr'>degressos</span> <span class='ocrx_word' id='word_1_46' title='bbox 1007 368 1181 421; x_wconf 87' lang='lat' dir='ltr'>repente</span> <span class='ocrx_word' id='word_1_47' title='bbox 1206 367 1417 418; x_wconf 82' lang='lat' dir='ltr'>viderunt,</span> <span class='ocrx_word' id='word_1_48' title='bbox 1449 370 1492 409; x_wconf 81' lang='lat' dir='ltr'>et</span> <span class='ocrx_word' id='word_1_49' title='bbox 1516 368 1599 422; x_wconf 89' lang='lat' dir='ltr'>ipsi</span> <span class='ocrx_word' id='word_1_50' title='bbox 1631 368 1744 410; x_wconf 89' lang='lat' dir='ltr'>avidi</span> 
     </span>
     <span class='ocr_line' id='line_1_9' title="bbox 195 401 1747 482; baseline 0.001 -14"><span class='ocrx_word' id='word_1_51' title='bbox 195 401 440 468; x_wconf 78' lang='lat' dir='ltr'>certaminis</span> <span class='ocrx_word' id='word_1_52' title='bbox 466 426 512 467; x_wconf 91' lang='lat' dir='ltr'>in</span> <span class='ocrx_word' id='word_1_53' title='bbox 538 425 750 480; x_wconf 89' lang='lat' dir='ltr'>proelium</span> <span class='ocrx_word' id='word_1_54' title='bbox 782 428 927 480; x_wconf 82' lang='lat' dir='ltr'>ruunt,</span> <span class='ocrx_word' id='word_1_55' title='bbox 960 426 1161 480; x_wconf 87' lang='lat' dir='ltr'>priusque</span> <span class='ocrx_word' id='word_1_56' title='bbox 1194 440 1339 481; x_wconf 83' lang='lat' dir='ltr'>pugna</span> <span class='ocrx_word' id='word_1_57' title='bbox 1370 427 1511 481; x_wconf 80' lang='lat' dir='ltr'>coepit</span> <span class='ocrx_word' id='word_1_58' title='bbox 1541 441 1668 482; x_wconf 89' lang='lat' dir='ltr'>quam</span> <span class='ocrx_word' id='word_1_59' title='bbox 1694 427 1747 469; x_wconf 85' lang='lat' dir='ltr'>si-</span> 
     </span>
    </p>
   </div>
   <div class='ocr_carea' id='block_1_7' title="bbox 194 484 838 541">
    <p class='ocr_par' dir='ltr' id='par_1_7' title="bbox 194 484 838 541">
     <span class='ocr_line' id='line_1_10' title="bbox 194 484 838 541; baseline -0.002 -14"><span class='ocrx_word' id='word_1_60' title='bbox 194 499 325 541; x_wconf 85' lang='lat' dir='ltr'>gnum</span> <span class='ocrx_word' id='word_1_61' title='bbox 359 485 412 526; x_wconf 83' lang='lat' dir='ltr'>ab</span> <span class='ocrx_word' id='word_1_62' title='bbox 446 484 622 526; x_wconf 89' lang='lat' dir='ltr'>ducibus</span> <span class='ocrx_word' id='word_1_63' title='bbox 655 485 838 526; x_wconf 85' lang='lat' dir='ltr'>daretur.</span> 
     </span>
    </p>
   </div>
   <div class='ocr_carea' id='block_1_8' title="bbox 310 543 1745 611">
    <p class='ocr_par' dir='ltr' id='par_1_8' title="bbox 310 543 1745 611">
     <span class='ocr_line' id='line_1_11' title="bbox 310 543 1745 611; baseline 0.001 -27"><span class='ocrx_word' id='word_1_64' title='bbox 310 544 462 585; x_wconf 89' lang='lat' dir='ltr'>Acrius</span> <span class='ocrx_word' id='word_1_65' title='bbox 489 544 680 585; x_wconf 84' lang='lat' dir='ltr'>invasere</span> <span class='ocrx_word' id='word_1_66' title='bbox 709 543 821 585; x_wconf 85' lang='lat' dir='ltr'>Galli</span> <span class='ocrx_word' id='word_1_67' title='bbox 847 543 994 585; x_wconf 81' lang='lat' dir='ltr'>dextro</span> <span class='ocrx_word' id='word_1_68' title='bbox 1021 558 1170 597; x_wconf 71' lang='lat' dir='ltr'>cornu,</span> <span class='ocrx_word' id='word_1_69' title='bbox 1196 558 1331 598; x_wconf 89' lang='lat' dir='ltr'>neque</span> <span class='ocrx_word' id='word_1_70' title='bbox 1359 543 1560 586; x_wconf 72' lang='lat' dir='ltr'>sustineri</span> <span class='ocrx_word' id='word_1_71' title='bbox 1586 544 1745 611; x_wconf 71' lang='lat' dir='ltr'>potuis-</span> 
     </span>
    </p>
   </div>
   <div class='ocr_carea' id='block_1_9' title="bbox 148 601 1745 952">
    <p class='ocr_par' dir='ltr' id='par_1_9' title="bbox 148 601 1745 952">
     <span class='ocr_line' id='line_1_12' title="bbox 195 601 1744 656; baseline 0.001 -13"><span class='ocrx_word' id='word_1_72' title='bbox 195 604 301 656; x_wconf 86' lang='lat' dir='ltr'>sent,</span> <span class='ocrx_word' id='word_1_73' title='bbox 332 603 376 643; x_wconf 88' lang='lat' dir='ltr'>ni</span> <span class='ocrx_word' id='word_1_74' title='bbox 409 602 519 644; x_wconf 88' lang='lat' dir='ltr'>forte</span> <span class='ocrx_word' id='word_1_75' title='bbox 552 617 600 644; x_wconf 90' lang='lat' dir='ltr'>eo</span> <span class='ocrx_word' id='word_1_76' title='bbox 627 603 718 644; x_wconf 90' lang='lat' dir='ltr'>loco</span> <span class='ocrx_word' id='word_1_77' title='bbox 746 602 930 645; x_wconf 85' lang='lat' dir='ltr'>dictator</span> <span class='ocrx_word' id='word_1_78' title='bbox 957 602 1119 656; x_wconf 85' lang='lat' dir='ltr'>fuisset,</span> <span class='ocrx_word' id='word_1_79' title='bbox 1152 601 1244 644; x_wconf 84' lang='lat' dir='ltr'>Sex.</span> <span class='ocrx_word' id='word_1_80' title='bbox 1271 602 1457 644; x_wconf 86' lang='lat' dir='ltr'>Tullium</span> <span class='ocrx_word' id='word_1_81' title='bbox 1481 604 1654 645; x_wconf 89' lang='lat' dir='ltr'>nomine</span> <span class='ocrx_word' id='word_1_82' title='bbox 1681 603 1744 645; x_wconf 88' lang='lat' dir='ltr'>in-</span> 
     </span>
     <span class='ocr_line' id='line_1_13' title="bbox 195 661 1744 717; baseline 0.001 -15"><span class='ocrx_word' id='word_1_83' title='bbox 195 676 374 716; x_wconf 89' lang='lat' dir='ltr'>crepans</span> <span class='ocrx_word' id='word_1_84' title='bbox 416 662 712 717; x_wconf 83' lang='lat' dir='ltr'>rogitansque,</span> <span class='ocrx_word' id='word_1_85' title='bbox 759 662 888 703; x_wconf 89' lang='lat' dir='ltr'>sicine</span> <span class='ocrx_word' id='word_1_86' title='bbox 926 664 1196 716; x_wconf 83' lang='lat' dir='ltr'>pugnaturos</span> <span class='ocrx_word' id='word_1_87' title='bbox 1228 662 1387 703; x_wconf 81' lang='lat' dir='ltr'>milites</span> <span class='ocrx_word' id='word_1_88' title='bbox 1425 661 1744 717; x_wconf 73' lang='lat' dir='ltr'>spopondisset:</span> 
     </span>
     <span class='ocr_line' id='line_1_14' title="bbox 148 720 1744 775; baseline 0.001 -14"><span class='ocrx_word' id='word_1_89' title='bbox 148 731 167 762; x_wconf 81' lang='lat'>2</span> <span class='ocrx_word' id='word_1_90' title='bbox 195 721 268 762; x_wconf 92' lang='lat' dir='ltr'>ubi</span> <span class='ocrx_word' id='word_1_91' title='bbox 300 720 363 762; x_wconf 89' lang='lat' dir='ltr'>illi</span> <span class='ocrx_word' id='word_1_92' title='bbox 395 720 601 762; x_wconf 89' lang='lat' dir='ltr'>clamores</span> <span class='ocrx_word' id='word_1_93' title='bbox 635 721 720 761; x_wconf 81' lang='lat' dir='ltr'>sint</span> <span class='ocrx_word' id='word_1_94' title='bbox 753 735 872 761; x_wconf 83' lang='lat' dir='ltr'>arma</span> <span class='ocrx_word' id='word_1_95' title='bbox 898 721 1180 775; x_wconf 87' lang='lat' dir='ltr'>poscentium,</span> <span class='ocrx_word' id='word_1_96' title='bbox 1212 721 1286 762; x_wconf 89' lang='lat' dir='ltr'>ubi</span> <span class='ocrx_word' id='word_1_97' title='bbox 1312 721 1451 762; x_wconf 87' lang='lat' dir='ltr'>minae</span> <span class='ocrx_word' id='word_1_98' title='bbox 1477 721 1640 763; x_wconf 87' lang='lat' dir='ltr'>iniussu</span> <span class='ocrx_word' id='word_1_99' title='bbox 1665 721 1744 762; x_wconf 89' lang='lat' dir='ltr'>im-</span> 
     </span>
     <span class='ocr_line' id='line_1_15' title="bbox 191 779 1744 846; baseline 0.001 -26"><span class='ocrx_word' id='word_1_100' title='bbox 191 779 401 834; x_wconf 89' lang='lat' dir='ltr'>peratoris</span> <span class='ocrx_word' id='word_1_101' title='bbox 429 779 639 834; x_wconf 87' lang='lat' dir='ltr'>proelium</span> <span class='ocrx_word' id='word_1_102' title='bbox 665 779 876 821; x_wconf 77' lang='lat' dir='ltr'>inituros?</span> <span class='ocrx_word' id='word_1_103' title='bbox 910 794 963 820; x_wconf 90' lang='lat' dir='ltr'>en</span> <span class='ocrx_word' id='word_1_104' title='bbox 988 779 1129 834; x_wconf 89' lang='lat' dir='ltr'>ipsum</span> <span class='ocrx_word' id='word_1_105' title='bbox 1162 780 1461 846; x_wconf 79' lang='lat' dir='ltr'>imperatorem</span> <span class='ocrx_word' id='word_1_106' title='bbox 1494 780 1609 822; x_wconf 88' lang='lat' dir='ltr'>clara</span> <span class='ocrx_word' id='word_1_107' title='bbox 1641 794 1744 822; x_wconf 86' lang='lat' dir='ltr'>voce</span> 
     </span>
     <span class='ocr_line' id='line_1_16' title="bbox 191 838 1744 894; baseline 0.001 -15"><span class='ocrx_word' id='word_1_108' title='bbox 191 853 342 880; x_wconf 86' lang='lat' dir='ltr'>vocare</span> <span class='ocrx_word' id='word_1_109' title='bbox 375 838 428 880; x_wconf 85' lang='lat' dir='ltr'>ad</span> <span class='ocrx_word' id='word_1_110' title='bbox 461 839 670 893; x_wconf 88' lang='lat' dir='ltr'>proelium</span> <span class='ocrx_word' id='word_1_111' title='bbox 704 841 746 880; x_wconf 80' lang='lat' dir='ltr'>et</span> <span class='ocrx_word' id='word_1_112' title='bbox 777 839 838 879; x_wconf 90' lang='lat' dir='ltr'>ire</span> <span class='ocrx_word' id='word_1_113' title='bbox 877 841 1084 880; x_wconf 83' lang='lat' dir='ltr'>armatum</span> <span class='ocrx_word' id='word_1_114' title='bbox 1119 841 1217 879; x_wconf 89' lang='lat' dir='ltr'>ante</span> <span class='ocrx_word' id='word_1_115' title='bbox 1249 839 1388 893; x_wconf 88' lang='lat' dir='ltr'>prima</span> <span class='ocrx_word' id='word_1_116' title='bbox 1421 839 1556 894; x_wconf 86' lang='lat' dir='ltr'>signa.</span> <span class='ocrx_word' id='word_1_117' title='bbox 1601 839 1744 894; x_wconf 85' lang='lat' dir='ltr'>ecquis</span> 
     </span>
     <span class='ocr_line' id='line_1_17' title="bbox 191 897 1745 952; baseline 0.001 -14"><span class='ocrx_word' id='word_1_118' title='bbox 191 900 440 952; x_wconf 77' lang='lat' dir='ltr'>sequeretur</span> <span class='ocrx_word' id='word_1_119' title='bbox 467 912 625 950; x_wconf 89' lang='lat' dir='ltr'>eorum,</span> <span class='ocrx_word' id='word_1_120' title='bbox 659 898 731 952; x_wconf 91' lang='lat' dir='ltr'>qui</span> <span class='ocrx_word' id='word_1_121' title='bbox 757 897 883 939; x_wconf 89' lang='lat' dir='ltr'>modo</span> <span class='ocrx_word' id='word_1_122' title='bbox 910 897 1075 938; x_wconf 90' lang='lat' dir='ltr'>ducturi</span> <span class='ocrx_word' id='word_1_123' title='bbox 1106 897 1279 952; x_wconf 80' lang='lat' dir='ltr'>fuerint,</span> <span class='ocrx_word' id='word_1_124' title='bbox 1310 898 1354 938; x_wconf 92' lang='lat' dir='ltr'>in</span> <span class='ocrx_word' id='word_1_125' title='bbox 1386 897 1538 939; x_wconf 82' lang='lat' dir='ltr'>castris</span> <span class='ocrx_word' id='word_1_126' title='bbox 1568 897 1745 952; x_wconf 87' lang='lat' dir='ltr'>feroces,</span> 
     </span>
    </p>
   </div>
   <div class='ocr_carea' id='block_1_10' title="bbox 190 956 561 1010">
    <p class='ocr_par' dir='ltr' id='par_1_10' title="bbox 190 956 561 1010">
     <span class='ocr_line' id='line_1_18' title="bbox 190 956 561 1010; baseline 0 -13"><span class='ocrx_word' id='word_1_127' title='bbox 190 957 235 997; x_wconf 90' lang='lat' dir='ltr'>in</span> <span class='ocrx_word' id='word_1_128' title='bbox 267 957 355 998; x_wconf 84' lang='lat' dir='ltr'>acie</span> <span class='ocrx_word' id='word_1_129' title='bbox 389 956 561 1010; x_wconf 77' lang='lat' dir='ltr'>pavidi?</span> 
     </span>
    </p>
   </div>
   <div class='ocr_carea' id='block_1_11' title="bbox 190 1015 1746 1188">
    <p class='ocr_par' dir='ltr' id='par_1_11' title="bbox 190 1015 1746 1188">
     <span class='ocr_line' id='line_1_19' title="bbox 308 1015 1746 1070; baseline 0.001 -14"><span class='ocrx_word' id='word_1_130' title='bbox 308 1015 422 1056; x_wconf 88' lang='lat' dir='ltr'>Vera</span> <span class='ocrx_word' id='word_1_131' title='bbox 450 1015 698 1069; x_wconf 72' lang='lat' dir='ltr'>audiebant,</span> <span class='ocrx_word' id='word_1_132' title='bbox 732 1015 874 1069; x_wconf 81' lang='lat' dir='ltr'>itaque</span> <span class='ocrx_word' id='word_1_133' title='bbox 901 1017 1045 1056; x_wconf 83' lang='lat' dir='ltr'>tantos</span> <span class='ocrx_word' id='word_1_134' title='bbox 1072 1015 1209 1069; x_wconf 91' lang='lat' dir='ltr'>pudor</span> <span class='ocrx_word' id='word_1_135' title='bbox 1241 1015 1438 1057; x_wconf 81' lang='lat' dir='ltr'>stimulos</span> <span class='ocrx_word' id='word_1_136' title='bbox 1471 1015 1672 1070; x_wconf 82' lang='lat' dir='ltr'>admovit,</span> <span class='ocrx_word' id='word_1_137' title='bbox 1697 1019 1746 1057; x_wconf 76' lang='lat' dir='ltr'>ut</span> 
     </span>
     <span class='ocr_line' id='line_1_20' title="bbox 190 1074 1744 1129; baseline 0.001 -14"><span class='ocrx_word' id='word_1_138' title='bbox 190 1077 363 1116; x_wconf 84' lang='lat' dir='ltr'>ruerent</span> <span class='ocrx_word' id='word_1_139' title='bbox 393 1075 438 1115; x_wconf 86' lang='lat' dir='ltr'>in</span> <span class='ocrx_word' id='word_1_140' title='bbox 476 1074 665 1116; x_wconf 78' lang='lat' dir='ltr'>hostium</span> <span class='ocrx_word' id='word_1_141' title='bbox 704 1074 790 1115; x_wconf 85' lang='lat' dir='ltr'>tela</span> <span class='ocrx_word' id='word_1_142' title='bbox 828 1074 1027 1116; x_wconf 83' lang='lat' dir='ltr'>alienatis</span> <span class='ocrx_word' id='word_1_143' title='bbox 1061 1089 1085 1115; x_wconf 87' lang='lat' dir='ltr'>a</span> <span class='ocrx_word' id='word_1_144' title='bbox 1117 1074 1322 1115; x_wconf 86' lang='lat' dir='ltr'>memoria</span> <span class='ocrx_word' id='word_1_145' title='bbox 1359 1074 1538 1129; x_wconf 87' lang='lat' dir='ltr'>periculi</span> <span class='ocrx_word' id='word_1_146' title='bbox 1577 1074 1744 1116; x_wconf 87' lang='lat' dir='ltr'>animis.</span> 
     </span>
     <span class='ocr_line' id='line_1_21' title="bbox 190 1133 1744 1188; baseline 0 -14"><span class='ocrx_word' id='word_1_147' title='bbox 190 1133 259 1175; x_wconf 88' lang='lat' dir='ltr'>hic</span> <span class='ocrx_word' id='word_1_148' title='bbox 290 1133 427 1187; x_wconf 87' lang='lat' dir='ltr'>primo</span> <span class='ocrx_word' id='word_1_149' title='bbox 460 1134 644 1188; x_wconf 85' lang='lat' dir='ltr'>impetus</span> <span class='ocrx_word' id='word_1_150' title='bbox 678 1147 810 1188; x_wconf 88' lang='lat' dir='ltr'>prope</span> <span class='ocrx_word' id='word_1_151' title='bbox 841 1148 991 1175; x_wconf 79' lang='lat' dir='ltr'>vecors</span> <span class='ocrx_word' id='word_1_152' title='bbox 1023 1133 1214 1174; x_wconf 80' lang='lat' dir='ltr'>turbavit</span> <span class='ocrx_word' id='word_1_153' title='bbox 1244 1133 1404 1187; x_wconf 81' lang='lat' dir='ltr'>hostes,</span> <span class='ocrx_word' id='word_1_154' title='bbox 1436 1147 1562 1188; x_wconf 87' lang='lat' dir='ltr'>eques</span> <span class='ocrx_word' id='word_1_155' title='bbox 1595 1133 1744 1175; x_wconf 90' lang='lat' dir='ltr'>deinde</span> 
     </span>
    </p>
   </div>
   <div class='ocr_carea' id='block_1_12' title="bbox 884 1192 1744 1247">
    <p class='ocr_par' dir='ltr' id='par_1_12' title="bbox 884 1192 1744 1247">
     <span class='ocr_line' id='line_1_22' title="bbox 884 1192 1744 1247; baseline 0 -14"><span class='ocrx_word' id='word_1_156' title='bbox 884 1192 976 1246; x_wconf 90' lang='lat' dir='ltr'>ipse</span> <span class='ocrx_word' id='word_1_157' title='bbox 1017 1192 1221 1247; x_wconf 85' lang='lat' dir='ltr'>dictator,</span> <span class='ocrx_word' id='word_1_158' title='bbox 1265 1195 1494 1247; x_wconf 79' lang='lat' dir='ltr'>postquam</span> <span class='ocrx_word' id='word_1_159' title='bbox 1526 1192 1744 1234; x_wconf 85' lang='lat' dir='ltr'>labantem</span> 
     </span>
    </p>
   </div>
   <div class='ocr_carea' id='block_1_13' title="bbox 189 1251 1746 1365">
    <p class='ocr_par' dir='ltr' id='par_1_13' title="bbox 189 1251 1746 1365">
     <span class='ocr_line' id='line_1_23' title="bbox 191 1251 1742 1306; baseline 0 -14"><span class='ocrx_word' id='word_1_160' title='bbox 191 1266 276 1292; x_wconf 87' lang='lat' dir='ltr'>una</span> <span class='ocrx_word' id='word_1_161' title='bbox 313 1254 435 1305; x_wconf 84' lang='lat' dir='ltr'>parte</span> <span class='ocrx_word' id='word_1_162' title='bbox 473 1251 580 1292; x_wconf 84' lang='lat' dir='ltr'>vidit</span> <span class='ocrx_word' id='word_1_163' title='bbox 619 1251 769 1304; x_wconf 83' lang='lat' dir='ltr'>aciem,</span> <span class='ocrx_word' id='word_1_164' title='bbox 814 1251 939 1306; x_wconf 80' lang='lat' dir='ltr'>signa</span> <span class='ocrx_word' id='word_1_165' title='bbox 978 1251 1023 1292; x_wconf 87' lang='lat' dir='ltr'>in</span> <span class='ocrx_word' id='word_1_166' title='bbox 1061 1252 1230 1292; x_wconf 88' lang='lat' dir='ltr'>laevum</span> <span class='ocrx_word' id='word_1_167' title='bbox 1267 1265 1400 1293; x_wconf 90' lang='lat' dir='ltr'>cornu</span> <span class='ocrx_word' id='word_1_168' title='bbox 1439 1251 1621 1303; x_wconf 83' lang='lat' dir='ltr'>confert,</span> <span class='ocrx_word' id='word_1_169' title='bbox 1660 1266 1742 1306; x_wconf 91' lang='lat' dir='ltr'>quo</span> 
     </span>
     <span class='ocr_line' id='line_1_24' title="bbox 189 1310 1746 1365; baseline 0.001 -14"><span class='ocrx_word' id='word_1_170' title='bbox 189 1310 360 1351; x_wconf 83' lang='lat' dir='ltr'>turbam</span> <span class='ocrx_word' id='word_1_171' title='bbox 385 1310 574 1351; x_wconf 91' lang='lat' dir='ltr'>hostium</span> <span class='ocrx_word' id='word_1_172' title='bbox 595 1310 846 1365; x_wconf 84' lang='lat' dir='ltr'>congregari</span> <span class='ocrx_word' id='word_1_173' title='bbox 873 1311 1084 1364; x_wconf 86' lang='lat' dir='ltr'>cernebat,</span> <span class='ocrx_word' id='word_1_174' title='bbox 1110 1313 1153 1351; x_wconf 85' lang='lat' dir='ltr'>et</span> <span class='ocrx_word' id='word_1_175' title='bbox 1177 1310 1241 1360; x_wconf 83' lang='lat' dir='ltr'>iis,</span> <span class='ocrx_word' id='word_1_176' title='bbox 1268 1310 1341 1364; x_wconf 87' lang='lat' dir='ltr'>qui</span> <span class='ocrx_word' id='word_1_177' title='bbox 1367 1311 1412 1351; x_wconf 91' lang='lat' dir='ltr'>in</span> <span class='ocrx_word' id='word_1_178' title='bbox 1437 1314 1583 1352; x_wconf 78' lang='lat' dir='ltr'>monte</span> <span class='ocrx_word' id='word_1_179' title='bbox 1610 1313 1746 1364; x_wconf 85' lang='lat' dir='ltr'>erant,</span> 
     </span>
    </p>
   </div>
   <div class='ocr_carea' id='block_1_14' title="bbox 144 1369 996 1424">
    <p class='ocr_par' dir='ltr' id='par_1_14' title="bbox 144 1369 996 1424">
     <span class='ocr_line' id='line_1_25' title="bbox 144 1369 996 1424; baseline -0.001 -14"><span class='ocrx_word' id='word_1_180' title='bbox 144 1380 164 1411; x_wconf 87' lang='lat'>5</span> <span class='ocrx_word' id='word_1_181' title='bbox 193 1369 379 1424; x_wconf 85' lang='lat' dir='ltr'>signum,</span> <span class='ocrx_word' id='word_1_182' title='bbox 411 1369 524 1423; x_wconf 91' lang='lat' dir='ltr'>quod</span> <span class='ocrx_word' id='word_1_183' title='bbox 556 1372 830 1422; x_wconf 85' lang='lat' dir='ltr'>convenerat,</span> <span class='ocrx_word' id='word_1_184' title='bbox 871 1369 996 1410; x_wconf 86' lang='lat' dir='ltr'>dedit.</span> 
     </span>
    </p>
   </div>
   <div class='ocr_carea' id='block_1_15' title="bbox 1058 1369 1742 1423">
    <p class='ocr_par' dir='ltr' id='par_1_15' title="bbox 1058 1369 1742 1423">
     <span class='ocr_line' id='line_1_26' title="bbox 1058 1369 1742 1423; baseline 0.001 -14"><span class='ocrx_word' id='word_1_185' title='bbox 1058 1369 1131 1409; x_wconf 90' lang='lat' dir='ltr'>ubi</span> <span class='ocrx_word' id='word_1_186' title='bbox 1163 1369 1260 1409; x_wconf 90' lang='lat' dir='ltr'>inde</span> <span class='ocrx_word' id='word_1_187' title='bbox 1293 1383 1460 1423; x_wconf 88' lang='lat' dir='ltr'>quoque</span> <span class='ocrx_word' id='word_1_188' title='bbox 1491 1383 1628 1411; x_wconf 80' lang='lat' dir='ltr'>novus</span> <span class='ocrx_word' id='word_1_189' title='bbox 1660 1369 1742 1410; x_wconf 88' lang='lat' dir='ltr'>cla-</span> 
     </span>
    </p>
   </div>
   <div class='ocr_carea' id='block_1_16' title="bbox 188 1427 1744 1482">
    <p class='ocr_par' dir='ltr' id='par_1_16' title="bbox 188 1427 1744 1482">
     <span class='ocr_line' id='line_1_27' title="bbox 188 1427 1744 1482; baseline 0 -13"><span class='ocrx_word' id='word_1_190' title='bbox 188 1442 280 1469; x_wconf 90' lang='lat' dir='ltr'>mor</span> <span class='ocrx_word' id='word_1_191' title='bbox 307 1431 425 1470; x_wconf 86' lang='lat' dir='ltr'>ortus</span> <span class='ocrx_word' id='word_1_192' title='bbox 452 1435 505 1469; x_wconf 76' lang='lat' dir='ltr'>est</span> <span class='ocrx_word' id='word_1_193' title='bbox 531 1430 572 1468; x_wconf 79' lang='lat' dir='ltr'>et</span> <span class='ocrx_word' id='word_1_194' title='bbox 597 1427 768 1469; x_wconf 83' lang='lat' dir='ltr'>tendere</span> <span class='ocrx_word' id='word_1_195' title='bbox 795 1427 969 1482; x_wconf 90' lang='lat' dir='ltr'>obliquo</span> <span class='ocrx_word' id='word_1_196' title='bbox 998 1430 1140 1469; x_wconf 86' lang='lat' dir='ltr'>monte</span> <span class='ocrx_word' id='word_1_197' title='bbox 1168 1427 1218 1468; x_wconf 85' lang='lat' dir='ltr'>ad</span> <span class='ocrx_word' id='word_1_198' title='bbox 1246 1430 1387 1469; x_wconf 82' lang='lat' dir='ltr'>castra</span> <span class='ocrx_word' id='word_1_199' title='bbox 1414 1427 1638 1469; x_wconf 84' lang='lat' dir='ltr'>Gallorum</span> <span class='ocrx_word' id='word_1_200' title='bbox 1663 1427 1744 1469; x_wconf 85' lang='lat' dir='ltr'>visi</span> 
     </span>
    </p>
   </div>
   <div class='ocr_carea' id='block_1_17' title="bbox 186 1531 930 2893">
    <p class='ocr_par' dir='ltr' id='par_1_17' title="bbox 234 1531 859 1577">
     <span class='ocr_line' id='line_1_28' title="bbox 234 1531 859 1577; baseline -0.002 -11"><span class='ocrx_word' id='word_1_201' title='bbox 234 1532 419 1577; x_wconf 75' lang='lat' dir='ltr'>adversus]</span> <span class='ocrx_word' id='word_1_202' title='bbox 445 1531 565 1575; x_wconf 81' lang='lat' dir='ltr'>lokal,</span> <span class='ocrx_word' id='word_1_203' title='bbox 594 1531 859 1576; x_wconf 73' lang='lat' dir='ltr'>‘gegenfiber&#39;.</span> 
     </span>
    </p>

    <p class='ocr_par' dir='ltr' id='par_1_18' title="bbox 186 1577 925 1670">
     <span class='ocr_line' id='line_1_29' title="bbox 237 1577 925 1624; baseline 0 -11"><span class='ocrx_word' id='word_1_204' title='bbox 237 1583 289 1614; x_wconf 89' lang='lat'>10.</span> <span class='ocrx_word' id='word_1_205' title='bbox 305 1579 496 1624; x_wconf 70' lang='lat' dir='ltr'>instructo]</span> <span class='ocrx_word' id='word_1_206' title='bbox 515 1579 524 1594; x_wconf 82' lang='lat'><em>‘</em></span> <span class='ocrx_word' id='word_1_207' title='bbox 535 1577 714 1623; x_wconf 83' lang='lat' dir='ltr'>getroffen</span> <span class='ocrx_word' id='word_1_208' title='bbox 724 1578 925 1620; x_wconf 81' lang='lat' dir='ltr'>’,vonV0r-</span> 
     </span>
     <span class='ocr_line' id='line_1_30' title="bbox 186 1625 774 1670; baseline -0.002 -10"><span class='ocrx_word' id='word_1_209' title='bbox 186 1626 445 1670; x_wconf 82' lang='lat' dir='ltr'>bereitungen,</span> <span class='ocrx_word' id='word_1_210' title='bbox 472 1625 774 1670; x_wconf 78' lang='lat' dir='ltr'>Einrichtungen.</span> 
     </span>
    </p>

    <p class='ocr_par' dir='ltr' id='par_1_19' title="bbox 186 1673 926 1896">
     <span class='ocr_line' id='line_1_31' title="bbox 233 1673 925 1718; baseline -0.001 -11"><span class='ocrx_word' id='word_1_211' title='bbox 233 1673 391 1718; x_wconf 78' lang='lat' dir='ltr'>quidem]</span> <span class='ocrx_word' id='word_1_212' title='bbox 415 1673 591 1716; x_wconf 81' lang='lat' dir='ltr'>‘freilich,</span> <span class='ocrx_word' id='word_1_213' title='bbox 612 1673 849 1716; x_wconf 73' lang='lat' dir='ltr'>allerdings’.</span> <span class='ocrx_word' id='word_1_214' title='bbox 878 1673 925 1706; x_wconf 83' lang='lat' dir='ltr'>Es</span> 
     </span>
     <span class='ocr_line' id='line_1_32' title="bbox 186 1719 925 1765; baseline 0 -11"><span class='ocrx_word' id='word_1_215' title='bbox 186 1720 277 1755; x_wconf 82' lang='lat' dir='ltr'>hebt</span> <span class='ocrx_word' id='word_1_216' title='bbox 296 1721 366 1755; x_wconf 88' lang='lat' dir='ltr'>den</span> <span class='ocrx_word' id='word_1_217' title='bbox 387 1720 593 1765; x_wconf 81' lang='lat' dir='ltr'>Gegensatz</span> <span class='ocrx_word' id='word_1_218' title='bbox 614 1732 657 1754; x_wconf 90' lang='lat' dir='ltr'>zu</span> <span class='ocrx_word' id='word_1_219' title='bbox 676 1731 802 1755; x_wconf 68' lang='lat' dir='ltr'>vanus.</span> <span class='ocrx_word' id='word_1_220' title='bbox 835 1719 925 1754; x_wconf 80' lang='lat' dir='ltr'>Was</span> 
     </span>
     <span class='ocr_line' id='line_1_33' title="bbox 187 1767 926 1811; baseline 0 -10"><span class='ocrx_word' id='word_1_221' title='bbox 187 1777 234 1801; x_wconf 82' lang='lat' dir='ltr'>an</span> <span class='ocrx_word' id='word_1_222' title='bbox 255 1767 334 1802; x_wconf 88' lang='lat' dir='ltr'>sich</span> <span class='ocrx_word' id='word_1_223' title='bbox 353 1767 451 1802; x_wconf 80' lang='lat' dir='ltr'>bloss</span> <span class='ocrx_word' id='word_1_224' title='bbox 466 1767 685 1802; x_wconf 85' lang='lat' dir='ltr'>Blendwerk</span> <span class='ocrx_word' id='word_1_225' title='bbox 699 1779 784 1811; x_wconf 81' lang='lat' dir='ltr'>war,</span> <span class='ocrx_word' id='word_1_226' title='bbox 803 1767 926 1801; x_wconf 83' lang='lat' dir='ltr'>wurde</span> 
     </span>
     <span class='ocr_line' id='line_1_34' title="bbox 187 1814 925 1860; baseline 0.001 -12"><span class='ocrx_word' id='word_1_227' title='bbox 187 1814 302 1849; x_wconf 87' lang='lat' dir='ltr'>durch</span> <span class='ocrx_word' id='word_1_228' title='bbox 333 1815 548 1859; x_wconf 74' lang='lat' dir='ltr'>geschichte</span> <span class='ocrx_word' id='word_1_229' title='bbox 575 1814 834 1860; x_wconf 86' lang='lat' dir='ltr'>Verwendung</span> <span class='ocrx_word' id='word_1_230' title='bbox 867 1814 925 1849; x_wconf 92' lang='lat' dir='ltr'>be-</span> 
     </span>
     <span class='ocr_line' id='line_1_35' title="bbox 186 1862 366 1896; baseline -0.006 0"><span class='ocrx_word' id='word_1_231' title='bbox 186 1862 366 1896; x_wconf 78' lang='lat' dir='ltr'>deutsam.</span> 
     </span>
    </p>

    <p class='ocr_par' dir='ltr' id='par_1_20' title="bbox 229 1908 780 1954">
     <span class='ocr_line' id='line_1_36' title="bbox 229 1908 780 1954; baseline 0.005 -13"><span class='ocrx_word' id='word_1_232' title='bbox 229 1909 330 1954; x_wconf 73' lang='lat' dir='ltr'>plus]</span> <span class='ocrx_word' id='word_1_233' title='bbox 358 1908 427 1942; x_wconf 82' lang='lat' dir='ltr'>mit</span> <span class='ocrx_word' id='word_1_234' title='bbox 452 1908 534 1943; x_wconf 81' lang='lat' dir='ltr'>Abl.</span> <span class='ocrx_word' id='word_1_235' title='bbox 563 1910 780 1952; x_wconf 70' lang='lat' dir='ltr'>comparat!</span> 
     </span>
    </p>

    <p class='ocr_par' dir='ltr' id='par_1_21' title="bbox 186 1956 927 2094">
     <span class='ocr_line' id='line_1_37' title="bbox 229 1956 925 2001; baseline 0 -11"><span class='ocrx_word' id='word_1_236' title='bbox 229 1956 360 2001; x_wconf 74' lang='lat' dir='ltr'>paene]</span> <span class='ocrx_word' id='word_1_237' title='bbox 393 1956 516 1990; x_wconf 81' lang='lat' dir='ltr'>hinter</span> <span class='ocrx_word' id='word_1_238' title='bbox 543 1956 631 2000; x_wconf 75' lang='lat' dir='ltr'>plus</span> <span class='ocrx_word' id='word_1_239' title='bbox 656 1956 818 2000; x_wconf 82' lang='lat' dir='ltr'>gestellt.</span> <span class='ocrx_word' id='word_1_240' title='bbox 869 1960 925 1999; x_wconf 87' lang='lat'>30,</span> 
     </span>
     <span class='ocr_line' id='line_1_38' title="bbox 187 2003 927 2047; baseline 0.003 -11"><span class='ocrx_word' id='word_1_241' title='bbox 187 2006 242 2046; x_wconf 72' lang='grc'>4-2,</span> <span class='ocrx_word' id='word_1_242' title='bbox 267 2007 307 2037; x_wconf 85' lang='grc'>17</span> <span class='ocrx_word' id='word_1_243' title='bbox 343 2004 429 2046; x_wconf 77' lang='lat' dir='ltr'>plus</span> <span class='ocrx_word' id='word_1_244' title='bbox 460 2013 578 2047; x_wconf 71' lang='lat' dir='ltr'>paene</span> <span class='ocrx_word' id='word_1_245' title='bbox 608 2004 792 2047; x_wconf 77' lang='lat' dir='ltr'>parcendo</span> <span class='ocrx_word' id='word_1_246' title='bbox 823 2003 927 2038; x_wconf 75' lang='lat' dir='ltr'>victis</span> 
     </span>
     <span class='ocr_line' id='line_1_39' title="bbox 186 2051 884 2094; baseline 0 -10"><span class='ocrx_word' id='word_1_247' title='bbox 186 2061 293 2094; x_wconf 71' lang='lat' dir='ltr'>quam</span> <span class='ocrx_word' id='word_1_248' title='bbox 318 2051 490 2084; x_wconf 73' lang='lat' dir='ltr'>vincendo</span> <span class='ocrx_word' id='word_1_249' title='bbox 517 2051 705 2093; x_wconf 79' lang='lat' dir='ltr'>imperium</span> <span class='ocrx_word' id='word_1_250' title='bbox 730 2051 884 2085; x_wconf 78' lang='lat' dir='ltr'>auxisse.</span> 
     </span>
    </p>

    <p class='ocr_par' dir='ltr' id='par_1_22' title="bbox 187 2096 927 2235">
     <span class='ocr_line' id='line_1_40' title="bbox 234 2096 924 2142; baseline -0.001 -11"><span class='ocrx_word' id='word_1_251' title='bbox 234 2097 402 2142; x_wconf 76' lang='lat' dir='ltr'>aequum]</span> <span class='ocrx_word' id='word_1_252' title='bbox 431 2096 722 2139; x_wconf 81' lang='lat' dir='ltr'>substantiviert,</span> <span class='ocrx_word' id='word_1_253' title='bbox 745 2097 889 2132; x_wconf 79' lang='lat' dir='ltr'>‘Ebene</span> <span class='ocrx_word' id='word_1_254' title='bbox 900 2097 924 2130; x_wconf 81' lang='lat'>².</span> 
     </span>
     <span class='ocr_line' id='line_1_41' title="bbox 190 2144 927 2189; baseline 0.004 -13"><span class='ocrx_word' id='word_1_255' title='bbox 190 2147 220 2185; x_wconf 91' lang='lat'>1,</span> <span class='ocrx_word' id='word_1_256' title='bbox 249 2148 308 2187; x_wconf 77' lang='lat'>12,</span> <span class='ocrx_word' id='word_1_257' title='bbox 340 2148 355 2177; x_wconf 94' lang='lat' dir='ltr'>l</span> <span class='ocrx_word' id='word_1_258' title='bbox 395 2144 650 2179; x_wconf 75' lang='lat' dir='ltr'>descenderunt</span> <span class='ocrx_word' id='word_1_259' title='bbox 687 2144 728 2178; x_wconf 78' lang='lat' dir='ltr'>in</span> <span class='ocrx_word' id='word_1_260' title='bbox 765 2155 927 2189; x_wconf 78' lang='lat' dir='ltr'>aequum.</span> 
     </span>
     <span class='ocr_line' id='line_1_42' title="bbox 187 2191 410 2235; baseline 0 -11"><span class='ocrx_word' id='word_1_261' title='bbox 187 2191 280 2235; x_wconf 84' lang='lat' dir='ltr'>Kap.</span> <span class='ocrx_word' id='word_1_262' title='bbox 301 2195 356 2233; x_wconf 87' lang='grc'>23,</span> <span class='ocrx_word' id='word_1_263' title='bbox 379 2196 410 2224; x_wconf 84' lang='grc'>6.</span> 
     </span>
    </p>

    <p class='ocr_par' dir='ltr' id='par_1_23' title="bbox 187 2238 930 2423">
     <span class='ocr_line' id='line_1_43' title="bbox 235 2238 929 2283; baseline 0.003 -12"><span class='ocrx_word' id='word_1_264' title='bbox 235 2241 266 2272; x_wconf 81' lang='lat' dir='ltr'>et</span> <span class='ocrx_word' id='word_1_265' title='bbox 291 2238 379 2282; x_wconf 71' lang='lat' dir='ltr'>ipsi]</span> <span class='ocrx_word' id='word_1_266' title='bbox 407 2254 450 2266; x_wconf 95' lang='lat'><strong><em>=</em></strong></span> <span class='ocrx_word' id='word_1_267' title='bbox 477 2239 584 2272; x_wconf 77' lang='lat' dir='ltr'>etiam</span> <span class='ocrx_word' id='word_1_268' title='bbox 613 2238 707 2282; x_wconf 75' lang='lat' dir='ltr'>ipsi,</span> <span class='ocrx_word' id='word_1_269' title='bbox 741 2239 813 2282; x_wconf 73' lang='lat' dir='ltr'>ipsi</span> <span class='ocrx_word' id='word_1_270' title='bbox 844 2249 929 2283; x_wconf 75' lang='lat' dir='ltr'>quo-</span> 
     </span>
     <span class='ocr_line' id='line_1_44' title="bbox 188 2284 930 2329; baseline 0.003 -11"><span class='ocrx_word' id='word_1_271' title='bbox 188 2295 265 2329; x_wconf 76' lang='lat' dir='ltr'>que.</span> <span class='ocrx_word' id='word_1_272' title='bbox 306 2285 419 2319; x_wconf 88' lang='lat' dir='ltr'>Unter</span> <span class='ocrx_word' id='word_1_273' title='bbox 444 2286 517 2328; x_wconf 76' lang='lat' dir='ltr'>ipsi</span> <span class='ocrx_word' id='word_1_274' title='bbox 543 2284 625 2318; x_wconf 88' lang='lat' dir='ltr'>sind</span> <span class='ocrx_word' id='word_1_275' title='bbox 650 2284 708 2319; x_wconf 90' lang='lat' dir='ltr'>die</span> <span class='ocrx_word' id='word_1_276' title='bbox 730 2284 868 2320; x_wconf 85' lang='lat' dir='ltr'>Gallier</span> <span class='ocrx_word' id='word_1_277' title='bbox 887 2297 930 2320; x_wconf 88' lang='lat' dir='ltr'>zu</span> 
     </span>
     <span class='ocr_line' id='line_1_45' title="bbox 187 2331 929 2375; baseline 0.003 -10"><span class='ocrx_word' id='word_1_278' title='bbox 187 2331 393 2372; x_wconf 84' lang='lat' dir='ltr'>vcrstehen‚</span> <span class='ocrx_word' id='word_1_279' title='bbox 413 2332 517 2366; x_wconf 84' lang='lat' dir='ltr'>nicht</span> <span class='ocrx_word' id='word_1_280' title='bbox 537 2331 595 2366; x_wconf 91' lang='lat' dir='ltr'>die</span> <span class='ocrx_word' id='word_1_281' title='bbox 611 2332 716 2367; x_wconf 78' lang='lat' dir='ltr'>duces</span> <span class='ocrx_word' id='word_1_282' title='bbox 730 2332 929 2375; x_wconf 77' lang='lat' dir='ltr'>Gallorum,</span> 
     </span>
     <span class='ocr_line' id='line_1_46' title="bbox 189 2377 798 2423; baseline -0.002 -10"><span class='ocrx_word' id='word_1_283' title='bbox 189 2379 250 2413; x_wconf 88' lang='lat' dir='ltr'>ein</span> <span class='ocrx_word' id='word_1_284' title='bbox 275 2377 428 2422; x_wconf 69' lang='lat' dir='ltr'>lastiger</span> <span class='ocrx_word' id='word_1_285' title='bbox 453 2377 798 2423; x_wconf 82' lang='lat' dir='ltr'>Subjektswechsel.</span> 
     </span>
    </p>

    <p class='ocr_par' dir='ltr' id='par_1_24' title="bbox 188 2425 930 2703">
     <span class='ocr_line' id='line_1_47' title="bbox 237 2425 928 2471; baseline 0.001 -11"><span class='ocrx_word' id='word_1_286' title='bbox 237 2425 299 2460; x_wconf 78' lang='lat'>15.</span> <span class='ocrx_word' id='word_1_287' title='bbox 313 2429 341 2460; x_wconf 93' lang='lat'>1.</span> <span class='ocrx_word' id='word_1_288' title='bbox 356 2426 568 2471; x_wconf 74' lang='lat' dir='ltr'>potuissent]</span> <span class='ocrx_word' id='word_1_289' title='bbox 580 2443 623 2454; x_wconf 91' lang='lat'><strong><em>=</em></strong></span> <span class='ocrx_word' id='word_1_290' title='bbox 638 2429 807 2469; x_wconf 76' lang='lat' dir='ltr'>poterant</span> <span class='ocrx_word' id='word_1_291' title='bbox 821 2426 928 2470; x_wconf 85' lang='lat' dir='ltr'>(Kap.</span> 
     </span>
     <span class='ocr_line' id='line_1_48' title="bbox 190 2471 928 2516; baseline 0.001 -10"><span class='ocrx_word' id='word_1_292' title='bbox 190 2476 223 2514; x_wconf 85' lang='lat'>7,</span> <span class='ocrx_word' id='word_1_293' title='bbox 245 2474 291 2516; x_wconf 86' lang='grc'>9).</span> <span class='ocrx_word' id='word_1_294' title='bbox 335 2471 460 2506; x_wconf 82' lang='lat' dir='ltr'>Livius</span> <span class='ocrx_word' id='word_1_295' title='bbox 488 2475 583 2507; x_wconf 81' lang='lat' dir='ltr'>setzt</span> <span class='ocrx_word' id='word_1_296' title='bbox 608 2472 785 2507; x_wconf 88' lang='lat' dir='ltr'>zuweilen</span> <span class='ocrx_word' id='word_1_297' title='bbox 810 2474 849 2507; x_wconf 86' lang='lat' dir='ltr'>in</span> <span class='ocrx_word' id='word_1_298' title='bbox 867 2473 928 2507; x_wconf 89' lang='lat' dir='ltr'>be-</span> 
     </span>
     <span class='ocr_line' id='line_1_49' title="bbox 190 2518 930 2564; baseline 0.001 -11"><span class='ocrx_word' id='word_1_299' title='bbox 190 2518 343 2564; x_wconf 88' lang='lat' dir='ltr'>dingten</span> <span class='ocrx_word' id='word_1_300' title='bbox 371 2520 458 2554; x_wconf 89' lang='lat' dir='ltr'>oder</span> <span class='ocrx_word' id='word_1_301' title='bbox 485 2521 673 2564; x_wconf 84' lang='lat' dir='ltr'>negierten</span> <span class='ocrx_word' id='word_1_302' title='bbox 701 2519 832 2555; x_wconf 70' lang='lat' dir='ltr'>Satzen</span> <span class='ocrx_word' id='word_1_303' title='bbox 859 2521 930 2555; x_wconf 89' lang='lat' dir='ltr'>den</span> 
     </span>
     <span class='ocr_line' id='line_1_50' title="bbox 188 2566 929 2611; baseline 0.001 -11"><span class='ocrx_word' id='word_1_304' title='bbox 188 2566 295 2611; x_wconf 84' lang='lat' dir='ltr'>Konj.</span> <span class='ocrx_word' id='word_1_305' title='bbox 322 2566 489 2611; x_wconf 87' lang='lat' dir='ltr'>Plusqpf.</span> <span class='ocrx_word' id='word_1_306' title='bbox 521 2578 592 2602; x_wconf 77' lang='lat' dir='ltr'>von</span> <span class='ocrx_word' id='word_1_307' title='bbox 618 2577 723 2610; x_wconf 78' lang='lat' dir='ltr'>posse</span> <span class='ocrx_word' id='word_1_308' title='bbox 748 2568 840 2602; x_wconf 79' lang='lat' dir='ltr'>statt</span> <span class='ocrx_word' id='word_1_309' title='bbox 865 2567 929 2601; x_wconf 86' lang='lat' dir='ltr'>des</span> 
     </span>
     <span class='ocr_line' id='line_1_51' title="bbox 188 2613 930 2658; baseline 0.003 -12"><span class='ocrx_word' id='word_1_310' title='bbox 188 2613 266 2648; x_wconf 89' lang='lat' dir='ltr'>Ind.</span> <span class='ocrx_word' id='word_1_311' title='bbox 292 2613 438 2658; x_wconf 86' lang='lat' dir='ltr'>Imperf.</span> <span class='ocrx_word' id='word_1_312' title='bbox 470 2615 517 2658; x_wconf 86' lang='lat'>(4,</span> <span class='ocrx_word' id='word_1_313' title='bbox 540 2617 593 2657; x_wconf 91' lang='grc'>12,</span> <span class='ocrx_word' id='word_1_314' title='bbox 617 2619 652 2657; x_wconf 84' lang='grc'>7;</span> <span class='ocrx_word' id='word_1_315' title='bbox 683 2617 735 2657; x_wconf 91' lang='grc'>10,</span> <span class='ocrx_word' id='word_1_316' title='bbox 757 2619 788 2657; x_wconf 88' lang='grc'>3,</span> <span class='ocrx_word' id='word_1_317' title='bbox 810 2617 830 2648; x_wconf 90' lang='grc'>8</span> <span class='ocrx_word' id='word_1_318' title='bbox 856 2614 930 2649; x_wconf 87' lang='lat' dir='ltr'>und</span> 
     </span>
     <span class='ocr_line' id='line_1_52' title="bbox 191 2664 350 2703; baseline 0.006 -9"><span class='ocrx_word' id='word_1_319' title='bbox 191 2664 251 2703; x_wconf 85' lang='lat'>14,</span> <span class='ocrx_word' id='word_1_320' title='bbox 282 2665 322 2695; x_wconf 84' lang='lat'>17</span> <span class='ocrx_word' id='word_1_321' title='bbox 344 2688 350 2695; x_wconf 93' lang='lat'>.</span> 
     </span>
    </p>

    <p class='ocr_par' dir='ltr' id='par_1_25' title="bbox 190 2662 929 2789">
     <span class='ocr_line' id='line_1_53' title="bbox 237 2662 929 2753; baseline -0.001 -11"><span class='ocrx_word' id='word_1_322' title='bbox 237 2718 274 2742; x_wconf 82' lang='lat' dir='ltr'>eo</span> <span class='ocrx_word' id='word_1_323' title='bbox 307 2662 395 2753; x_wconf 61' lang='lat' dir='ltr'>Ideo]</span> <span class='ocrx_word' id='word_1_324' title='bbox 435 2706 502 2742; x_wconf 88' lang='lat' dir='ltr'>auf</span> <span class='ocrx_word' id='word_1_325' title='bbox 531 2707 615 2742; x_wconf 90' lang='lat' dir='ltr'>dem</span> <span class='ocrx_word' id='word_1_326' title='bbox 647 2706 773 2743; x_wconf 87' lang='lat' dir='ltr'>linken</span> <span class='ocrx_word' id='word_1_327' title='bbox 798 2707 929 2753; x_wconf 75' lang='lat' dir='ltr'>Flfigel</span> 
     </span>
     <span class='ocr_line' id='line_1_54' title="bbox 190 2753 659 2789; baseline 0.004 -3"><span class='ocrx_word' id='word_1_328' title='bbox 190 2753 253 2787; x_wconf 86' lang='lat' dir='ltr'>des</span> <span class='ocrx_word' id='word_1_329' title='bbox 279 2755 487 2789; x_wconf 71' lang='lat' dir='ltr'>romischen</span> <span class='ocrx_word' id='word_1_330' title='bbox 512 2754 659 2789; x_wconf 85' lang='lat' dir='ltr'>Heeres.</span> 
     </span>
    </p>

    <p class='ocr_par' dir='ltr' id='par_1_26' title="bbox 190 2802 929 2893">
     <span class='ocr_line' id='line_1_55' title="bbox 236 2802 929 2846; baseline 0.003 -12"><span class='ocrx_word' id='word_1_331' title='bbox 236 2802 363 2846; x_wconf 77' lang='lat' dir='ltr'>sicine]</span> <span class='ocrx_word' id='word_1_332' title='bbox 400 2802 755 2846; x_wconf 81' lang='lat' dir='ltr'>zusammengesetzt</span> <span class='ocrx_word' id='word_1_333' title='bbox 786 2812 851 2836; x_wconf 83' lang='lat' dir='ltr'>aus</span> <span class='ocrx_word' id='word_1_334' title='bbox 876 2802 929 2837; x_wconf 78' lang='lat' dir='ltr'>sic</span> 
     </span>
     <span class='ocr_line' id='line_1_56' title="bbox 190 2846 741 2893; baseline 0.009 -15"><span class='ocrx_word' id='word_1_335' title='bbox 190 2846 266 2879; x_wconf 85' lang='lat' dir='ltr'>und</span> <span class='ocrx_word' id='word_1_336' title='bbox 293 2847 356 2882; x_wconf 78' lang='lat' dir='ltr'>der</span> <span class='ocrx_word' id='word_1_337' title='bbox 381 2847 663 2893; x_wconf 85' lang='lat' dir='ltr'>Fragepartikel</span> <span class='ocrx_word' id='word_1_338' title='bbox 688 2860 741 2884; x_wconf 79' lang='lat' dir='ltr'>ne.</span> 
     </span>
    </p>
   </div>
   <div class='ocr_carea' id='block_1_18' title="bbox 998 1530 1744 2892">
    <p class='ocr_par' dir='ltr' id='par_1_27' title="bbox 998 1530 1743 1755">
     <span class='ocr_line' id='line_1_57' title="bbox 1044 1530 1742 1577; baseline 0.001 -12"><span class='ocrx_word' id='word_1_339' title='bbox 1044 1535 1076 1565; x_wconf 89' lang='grc'>2.</span> <span class='ocrx_word' id='word_1_340' title='bbox 1102 1531 1191 1577; x_wconf 73' lang='lat' dir='ltr'>sint]</span> <span class='ocrx_word' id='word_1_341' title='bbox 1233 1530 1308 1565; x_wconf 79' lang='lat' dir='ltr'>Das</span> <span class='ocrx_word' id='word_1_342' title='bbox 1335 1531 1496 1576; x_wconf 82' lang='lat' dir='ltr'>Tempus</span> <span class='ocrx_word' id='word_1_343' title='bbox 1524 1531 1588 1566; x_wconf 91' lang='lat' dir='ltr'>der</span> <span class='ocrx_word' id='word_1_344' title='bbox 1614 1530 1742 1566; x_wconf 81' lang='lat' dir='ltr'>Oratio</span> 
     </span>
     <span class='ocr_line' id='line_1_58' title="bbox 998 1577 1743 1613; baseline 0.001 -1"><span class='ocrx_word' id='word_1_345' title='bbox 998 1579 1099 1613; x_wconf 85' lang='lat' dir='ltr'>recta</span> <span class='ocrx_word' id='word_1_346' title='bbox 1119 1578 1168 1613; x_wconf 75' lang='lat' dir='ltr'>ist</span> <span class='ocrx_word' id='word_1_347' title='bbox 1188 1578 1437 1613; x_wconf 78' lang='lat' dir='ltr'>beibehalten.</span> <span class='ocrx_word' id='word_1_348' title='bbox 1472 1578 1540 1613; x_wconf 93' lang='lat' dir='ltr'>Die</span> <span class='ocrx_word' id='word_1_349' title='bbox 1554 1577 1743 1613; x_wconf 84' lang='lat' dir='ltr'>indirekte</span> 
     </span>
     <span class='ocr_line' id='line_1_59' title="bbox 998 1625 1741 1670; baseline 0 -10"><span class='ocrx_word' id='word_1_350' title='bbox 998 1626 1098 1661; x_wconf 84' lang='lat' dir='ltr'>Rede</span> <span class='ocrx_word' id='word_1_351' title='bbox 1130 1625 1180 1659; x_wconf 80' lang='lat' dir='ltr'>ist</span> <span class='ocrx_word' id='word_1_352' title='bbox 1211 1625 1402 1670; x_wconf 67' lang='lat' dir='ltr'>abhangig</span> <span class='ocrx_word' id='word_1_353' title='bbox 1428 1636 1470 1659; x_wconf 91' lang='lat' dir='ltr'>zu</span> <span class='ocrx_word' id='word_1_354' title='bbox 1496 1625 1641 1660; x_wconf 88' lang='lat' dir='ltr'>denken</span> <span class='ocrx_word' id='word_1_355' title='bbox 1666 1636 1741 1661; x_wconf 91' lang='lat' dir='ltr'>von</span> 
     </span>
     <span class='ocr_line' id='line_1_60' title="bbox 999 1672 1742 1717; baseline 0 -10"><span class='ocrx_word' id='word_1_356' title='bbox 999 1673 1118 1707; x_wconf 87' lang='lat' dir='ltr'>einem</span> <span class='ocrx_word' id='word_1_357' title='bbox 1137 1683 1202 1707; x_wconf 89' lang='lat' dir='ltr'>aus</span> <span class='ocrx_word' id='word_1_358' title='bbox 1214 1673 1378 1717; x_wconf 64' lang='lat' dir='ltr'>rogitans</span> <span class='ocrx_word' id='word_1_359' title='bbox 1391 1685 1433 1708; x_wconf 88' lang='lat' dir='ltr'>zu</span> <span class='ocrx_word' id='word_1_360' title='bbox 1446 1672 1742 1708; x_wconf 80' lang='lat' dir='ltr'>entnehmenden</span> 
     </span>
     <span class='ocr_line' id='line_1_61' title="bbox 1002 1718 1350 1755; baseline 0 -1"><span class='ocrx_word' id='word_1_361' title='bbox 1002 1720 1166 1755; x_wconf 87' lang='lat' dir='ltr'>Verbum</span> <span class='ocrx_word' id='word_1_362' title='bbox 1193 1718 1350 1754; x_wconf 87' lang='lat' dir='ltr'>dicendi.</span> 
     </span>
    </p>

    <p class='ocr_par' dir='ltr' id='par_1_28' title="bbox 998 1771 1744 1910">
     <span class='ocr_line' id='line_1_62' title="bbox 1046 1771 1743 1818; baseline 0 -11"><span class='ocrx_word' id='word_1_363' title='bbox 1046 1773 1218 1818; x_wconf 73' lang='lat' dir='ltr'>inituros]</span> <span class='ocrx_word' id='word_1_364' title='bbox 1241 1790 1284 1800; x_wconf 91' lang='lat'><strong><em>=</em></strong></span> <span class='ocrx_word' id='word_1_365' title='bbox 1303 1783 1338 1808; x_wconf 82' lang='lat' dir='ltr'>se</span> <span class='ocrx_word' id='word_1_366' title='bbox 1363 1773 1522 1807; x_wconf 74' lang='lat' dir='ltr'>inituros</span> <span class='ocrx_word' id='word_1_367' title='bbox 1547 1783 1629 1807; x_wconf 80' lang='lat' dir='ltr'>esse.</span> <span class='ocrx_word' id='word_1_368' title='bbox 1674 1771 1743 1807; x_wconf 88' lang='lat' dir='ltr'>Die</span> 
     </span>
     <span class='ocr_line' id='line_1_63' title="bbox 998 1818 1744 1864; baseline 0.003 -12"><span class='ocrx_word' id='word_1_369' title='bbox 998 1818 1127 1855; x_wconf 84' lang='lat' dir='ltr'>Worte</span> <span class='ocrx_word' id='word_1_370' title='bbox 1148 1819 1318 1855; x_wconf 84' lang='lat' dir='ltr'>erinnem</span> <span class='ocrx_word' id='word_1_371' title='bbox 1339 1830 1386 1853; x_wconf 87' lang='lat' dir='ltr'>an</span> <span class='ocrx_word' id='word_1_372' title='bbox 1406 1819 1499 1864; x_wconf 83' lang='lat' dir='ltr'>Kap.</span> <span class='ocrx_word' id='word_1_373' title='bbox 1522 1822 1576 1864; x_wconf 85' lang='lat'>12,</span> <span class='ocrx_word' id='word_1_374' title='bbox 1598 1822 1641 1853; x_wconf 85' lang='lat'>13</span> <span class='ocrx_word' id='word_1_375' title='bbox 1667 1819 1744 1854; x_wconf 88' lang='lat' dir='ltr'>und</span> 
     </span>
     <span class='ocr_line' id='line_1_64' title="bbox 1000 1870 1113 1910; baseline 0.009 -10"><span class='ocrx_word' id='word_1_376' title='bbox 1000 1870 1055 1910; x_wconf 84' lang='grc'>14,</span> <span class='ocrx_word' id='word_1_377' title='bbox 1081 1871 1113 1901; x_wconf 88' lang='lat'>3.</span> 
     </span>
    </p>

    <p class='ocr_par' dir='ltr' id='par_1_29' title="bbox 999 1912 1743 2052">
     <span class='ocr_line' id='line_1_65' title="bbox 1046 1912 1743 1959; baseline -0.001 -11"><span class='ocrx_word' id='word_1_378' title='bbox 1046 1914 1107 1959; x_wconf 76' lang='grc' dir='ltr'>ἒη]</span> <span class='ocrx_word' id='word_1_379' title='bbox 1144 1913 1388 1958; x_wconf 83' lang='lat' dir='ltr'>Interjektion</span> <span class='ocrx_word' id='word_1_380' title='bbox 1424 1925 1487 1948; x_wconf 90' lang='lat' dir='ltr'>zur</span> <span class='ocrx_word' id='word_1_381' title='bbox 1524 1912 1743 1958; x_wconf 84' lang='lat' dir='ltr'>Einleitung</span> 
     </span>
     <span class='ocr_line' id='line_1_66' title="bbox 999 1960 1740 2002; baseline 0 -7"><span class='ocrx_word' id='word_1_382' title='bbox 999 1961 1099 1995; x_wconf 86' lang='lat' dir='ltr'>einer</span> <span class='ocrx_word' id='word_1_383' title='bbox 1117 1962 1398 2002; x_wconf 80' lang='lat' dir='ltr'>unerwarteten,</span> <span class='ocrx_word' id='word_1_384' title='bbox 1414 1960 1740 1995; x_wconf 76' lang='lat' dir='ltr'>siberraschenden</span> 
     </span>
     <span class='ocr_line' id='line_1_67' title="bbox 1000 2007 1412 2052; baseline 0 -10"><span class='ocrx_word' id='word_1_385' title='bbox 1000 2008 1211 2042; x_wconf 82' lang='lat' dir='ltr'>Thatsache</span> <span class='ocrx_word' id='word_1_386' title='bbox 1237 2007 1412 2052; x_wconf 78' lang='lat' dir='ltr'>(‘jetzt’).</span> 
     </span>
    </p>

    <p class='ocr_par' dir='ltr' id='par_1_30' title="bbox 1000 2059 1741 2190">
     <span class='ocr_line' id='line_1_68' title="bbox 1041 2059 1740 2106; baseline 0 -11"><span class='ocrx_word' id='word_1_387' title='bbox 1041 2065 1073 2095; x_wconf 91' lang='lat'>3.</span> <span class='ocrx_word' id='word_1_388' title='bbox 1081 2059 1458 2106; x_wconf 81' lang='lat' dir='ltr'>stimulos]‘Stachel’;</span> <span class='ocrx_word' id='word_1_389' title='bbox 1469 2059 1520 2095; x_wconf 87' lang='lat' dir='ltr'>im</span> <span class='ocrx_word' id='word_1_390' title='bbox 1529 2059 1740 2095; x_wconf 89' lang='lat' dir='ltr'>Deutschen</span> 
     </span>
     <span class='ocr_line' id='line_1_69' title="bbox 1000 2106 1741 2152; baseline 0 -10"><span class='ocrx_word' id='word_1_391' title='bbox 1000 2107 1049 2142; x_wconf 79' lang='lat' dir='ltr'>ist</span> <span class='ocrx_word' id='word_1_392' title='bbox 1075 2108 1155 2142; x_wconf 91' lang='lat' dir='ltr'>eine</span> <span class='ocrx_word' id='word_1_393' title='bbox 1175 2107 1382 2142; x_wconf 81' lang='lat' dir='ltr'>Redensart</span> <span class='ocrx_word' id='word_1_394' title='bbox 1407 2107 1476 2142; x_wconf 80' lang='lat' dir='ltr'>mit</span> <span class='ocrx_word' id='word_1_395' title='bbox 1491 2106 1654 2152; x_wconf 81' lang='lat' dir='ltr'>‘Sporn&#39;</span> <span class='ocrx_word' id='word_1_396' title='bbox 1677 2118 1741 2143; x_wconf 88' lang='lat' dir='ltr'>an-</span> 
     </span>
     <span class='ocr_line' id='line_1_70' title="bbox 1001 2155 1210 2190; baseline -0.005 -1"><span class='ocrx_word' id='word_1_397' title='bbox 1001 2155 1210 2190; x_wconf 87' lang='lat' dir='ltr'>zuwenden.</span> 
     </span>
    </p>

    <p class='ocr_par' dir='ltr' id='par_1_31' title="bbox 1002 2205 1743 2290">
     <span class='ocr_line' id='line_1_71' title="bbox 1048 2205 1743 2253; baseline -0.001 -11"><span class='ocrx_word' id='word_1_398' title='bbox 1048 2208 1218 2242; x_wconf 76' lang='lat' dir='ltr'>alienatis</span> <span class='ocrx_word' id='word_1_399' title='bbox 1243 2219 1267 2242; x_wconf 88' lang='lat' dir='ltr'>a</span> <span class='ocrx_word' id='word_1_400' title='bbox 1293 2207 1409 2253; x_wconf 66' lang='lat' dir='ltr'>mem]</span> <span class='ocrx_word' id='word_1_401' title='bbox 1434 2207 1518 2242; x_wconf 84' lang='lat' dir='ltr'>dem</span> <span class='ocrx_word' id='word_1_402' title='bbox 1538 2205 1743 2241; x_wconf 82' lang='lat' dir='ltr'>Gedanken</span> 
     </span>
     <span class='ocr_line' id='line_1_72' title="bbox 1002 2253 1390 2290; baseline 0.003 -1"><span class='ocrx_word' id='word_1_403' title='bbox 1002 2266 1078 2289; x_wconf 88' lang='lat' dir='ltr'>an</span> <span class='ocrx_word' id='word_1_404' title='bbox 1129 2253 1390 2290; x_wconf 77' lang='lat' dir='ltr'>.entfremdet.</span> 
     </span>
    </p>

    <p class='ocr_par' dir='ltr' id='par_1_32' title="bbox 1003 2306 1430 2399">
     <span class='ocr_line' id='line_1_73' title="bbox 1049 2306 1430 2353; baseline -0.003 -11"><span class='ocrx_word' id='word_1_405' title='bbox 1049 2307 1194 2353; x_wconf 67' lang='lat' dir='ltr'>avertit]</span> <span class='ocrx_word' id='word_1_406' title='bbox 1227 2306 1335 2351; x_wconf 82' lang='lat' dir='ltr'>jagte</span> <span class='ocrx_word' id='word_1_407' title='bbox 1364 2334 1371 2341; x_wconf 92' lang='lat'>.</span> <span class='ocrx_word' id='word_1_408' title='bbox 1392 2333 1400 2341; x_wconf 93' lang='lat'>.</span> <span class='ocrx_word' id='word_1_409' title='bbox 1423 2334 1430 2342; x_wconf 94' lang='lat'>.</span> 
     </span>
     <span class='ocr_line' id='line_1_74' title="bbox 1003 2354 1231 2399; baseline 0.005 -12"><span class='ocrx_word' id='word_1_410' title='bbox 1003 2354 1109 2399; x_wconf 57' lang='grc' dir='ltr'>(Καρ.</span> <span class='ocrx_word' id='word_1_411' title='bbox 1131 2358 1163 2396; x_wconf 88' lang='grc'>8,</span> <span class='ocrx_word' id='word_1_412' title='bbox 1184 2356 1231 2398; x_wconf 87' lang='lat'>3).</span> 
     </span>
    </p>

    <p class='ocr_par' dir='ltr' id='par_1_33' title="bbox 1003 2398 1742 2498">
     <span class='ocr_line' id='line_1_75' title="bbox 1049 2398 1742 2452; baseline 0 -10"><span class='ocrx_word' id='word_1_413' title='bbox 1049 2412 1081 2442; x_wconf 88' lang='lat'>4.</span> <span class='ocrx_word' id='word_1_414' title='bbox 1108 2419 1185 2442; x_wconf 82' lang='lat' dir='ltr'>wna</span> <span class='ocrx_word' id='word_1_415' title='bbox 1207 2407 1328 2452; x_wconf 79' lang='lat' dir='ltr'>parte]</span> <span class='ocrx_word' id='word_1_416' title='bbox 1364 2398 1540 2442; x_wconf 82' lang='lat' dir='ltr'>Ublicher</span> <span class='ocrx_word' id='word_1_417' title='bbox 1569 2409 1668 2441; x_wconf 77' lang='lat' dir='ltr'>ware</span> <span class='ocrx_word' id='word_1_418' title='bbox 1699 2416 1742 2442; x_wconf 82' lang='lat' dir='ltr'>ex</span> 
     </span>
     <span class='ocr_line' id='line_1_76' title="bbox 1003 2455 1401 2498; baseline -0.003 -8"><span class='ocrx_word' id='word_1_419' title='bbox 1003 2455 1091 2490; x_wconf 87' lang='lat' dir='ltr'>oder</span> <span class='ocrx_word' id='word_1_420' title='bbox 1117 2455 1161 2490; x_wconf 81' lang='lat' dir='ltr'>ab</span> <span class='ocrx_word' id='word_1_421' title='bbox 1186 2465 1264 2489; x_wconf 77' lang='lat' dir='ltr'>una</span> <span class='ocrx_word' id='word_1_422' title='bbox 1283 2458 1401 2498; x_wconf 77' lang='lat' dir='ltr'>parte.</span> 
     </span>
    </p>

    <p class='ocr_par' dir='ltr' id='par_1_34' title="bbox 1049 2506 1740 2552">
     <span class='ocr_line' id='line_1_77' title="bbox 1049 2506 1740 2552; baseline 0.001 -11"><span class='ocrx_word' id='word_1_423' title='bbox 1049 2508 1159 2542; x_wconf 79' lang='lat' dir='ltr'>aciem</span> <span class='ocrx_word' id='word_1_424' title='bbox 1180 2535 1186 2541; x_wconf 96' lang='lat'>.</span> <span class='ocrx_word' id='word_1_425' title='bbox 1210 2536 1238 2542; x_wconf 92' lang='lat'>..</span> <span class='ocrx_word' id='word_1_426' title='bbox 1260 2507 1389 2552; x_wconf 77' lang='lat' dir='ltr'>cornu]</span> <span class='ocrx_word' id='word_1_427' title='bbox 1404 2506 1566 2541; x_wconf 78' lang='lat' dir='ltr'>namlich</span> <span class='ocrx_word' id='word_1_428' title='bbox 1576 2507 1740 2542; x_wconf 80' lang='lat' dir='ltr'>hostium.</span> 
     </span>
    </p>

    <p class='ocr_par' dir='ltr' id='par_1_35' title="bbox 1000 2558 1742 2736">
     <span class='ocr_line' id='line_1_78' title="bbox 1049 2558 1738 2605; baseline -0.003 -10"><span class='ocrx_word' id='word_1_429' title='bbox 1049 2560 1201 2605; x_wconf 75' lang='lat' dir='ltr'>confert]</span> <span class='ocrx_word' id='word_1_430' title='bbox 1222 2576 1265 2588; x_wconf 90' lang='lat'>=</span> <span class='ocrx_word' id='word_1_431' title='bbox 1286 2560 1470 2603; x_wconf 71' lang='lat' dir='ltr'>convertit,</span> <span class='ocrx_word' id='word_1_432' title='bbox 1494 2559 1615 2602; x_wconf 78' lang='lat' dir='ltr'>infert.</span> <span class='ocrx_word' id='word_1_433' title='bbox 1654 2558 1738 2604; x_wconf 88' lang='lat' dir='ltr'>Vgl.</span> 
     </span>
     <span class='ocr_line' id='line_1_79' title="bbox 1003 2605 1742 2652; baseline 0 -11"><span class='ocrx_word' id='word_1_434' title='bbox 1003 2611 1035 2652; x_wconf 84' lang='lat'>1,</span> <span class='ocrx_word' id='word_1_435' title='bbox 1050 2611 1104 2650; x_wconf 91' lang='lat'>33,</span> <span class='ocrx_word' id='word_1_436' title='bbox 1120 2610 1142 2640; x_wconf 86' lang='lat'>4</span> <span class='ocrx_word' id='word_1_437' title='bbox 1161 2608 1376 2651; x_wconf 77' lang='lat' dir='ltr'>aliquotiens</span> <span class='ocrx_word' id='word_1_438' title='bbox 1395 2607 1571 2641; x_wconf 73' lang='lat' dir='ltr'>exercitus</span> <span class='ocrx_word' id='word_1_439' title='bbox 1581 2605 1742 2642; x_wconf 71' lang='lat' dir='ltr'>Latinus</span> 
     </span>
     <span class='ocr_line' id='line_1_80' title="bbox 1001 2653 1741 2698; baseline -0.001 -9"><span class='ocrx_word' id='word_1_440' title='bbox 1001 2655 1197 2690; x_wconf 73' lang='lat' dir='ltr'>comminus</span> <span class='ocrx_word' id='word_1_441' title='bbox 1223 2665 1302 2688; x_wconf 83' lang='lat' dir='ltr'>cum</span> <span class='ocrx_word' id='word_1_442' title='bbox 1325 2653 1504 2688; x_wconf 75' lang='lat' dir='ltr'>Romanis</span> <span class='ocrx_word' id='word_1_443' title='bbox 1527 2654 1635 2698; x_wconf 74' lang='lat' dir='ltr'>siyna</span> <span class='ocrx_word' id='word_1_444' title='bbox 1659 2663 1741 2688; x_wconf 77' lang='lat' dir='ltr'>con-</span> 
     </span>
     <span class='ocr_line' id='line_1_81' title="bbox 1000 2702 1141 2736; baseline -0.014 0"><span class='ocrx_word' id='word_1_445' title='bbox 1000 2702 1141 2736; x_wconf 77' lang='lat' dir='ltr'>tulerat.</span> 
     </span>
    </p>

    <p class='ocr_par' dir='ltr' id='par_1_36' title="bbox 1002 2751 1740 2835">
     <span class='ocr_line' id='line_1_82' title="bbox 1047 2751 1740 2798; baseline -0.004 -9"><span class='ocrx_word' id='word_1_446' title='bbox 1047 2753 1279 2798; x_wconf 74' lang='lat' dir='ltr'>convenerat]</span> <span class='ocrx_word' id='word_1_447' title='bbox 1314 2752 1554 2788; x_wconf 80' lang='lat' dir='ltr'>‘verabredet</span> <span class='ocrx_word' id='word_1_448' title='bbox 1594 2751 1740 2788; x_wconf 87' lang='lat' dir='ltr'>worden</span> 
     </span>
     <span class='ocr_line' id='line_1_83' title="bbox 1002 2801 1109 2835; baseline 0 0"><span class='ocrx_word' id='word_1_449' title='bbox 1002 2801 1109 2835; x_wconf 85' lang='lat' dir='ltr'>war&#39;.</span> 
     </span>
    </p>

    <p class='ocr_par' dir='ltr' id='par_1_37' title="bbox 1049 2844 1739 2892">
     <span class='ocr_line' id='line_1_84' title="bbox 1049 2844 1739 2892; baseline -0.004 -10"><span class='ocrx_word' id='word_1_450' title='bbox 1049 2851 1080 2881; x_wconf 87' lang='lat'>5.</span> <span class='ocrx_word' id='word_1_451' title='bbox 1107 2846 1262 2892; x_wconf 72' lang='lat' dir='ltr'>tendere]</span> <span class='ocrx_word' id='word_1_452' title='bbox 1295 2846 1356 2881; x_wconf 88' lang='lat' dir='ltr'>bei</span> <span class='ocrx_word' id='word_1_453' title='bbox 1378 2845 1557 2882; x_wconf 84' lang='lat' dir='ltr'>Dichtern</span> <span class='ocrx_word' id='word_1_454' title='bbox 1581 2845 1657 2881; x_wconf 89' lang='lat' dir='ltr'>und</span> <span class='ocrx_word' id='word_1_455' title='bbox 1681 2844 1739 2879; x_wconf 88' lang='lat' dir='ltr'>Li-</span> 
     </span>
    </p>
   </div>
   <div class='ocr_carea' id='block_1_19' title="bbox 1459 2305 1744 2341">
    <p class='ocr_par' dir='ltr' id='par_1_38' title="bbox 1459 2305 1744 2341">
     <span class='ocr_line' id='line_1_85' title="bbox 1459 2305 1744 2341; baseline 0 -1"><span class='ocrx_word' id='word_1_456' title='bbox 1459 2306 1496 2341; x_wconf 89' lang='lat' dir='ltr'>in</span> <span class='ocrx_word' id='word_1_457' title='bbox 1523 2305 1582 2341; x_wconf 90' lang='lat' dir='ltr'>die</span> <span class='ocrx_word' id='word_1_458' title='bbox 1608 2305 1744 2341; x_wconf 76' lang='lat' dir='ltr'>Flucht</span> 
     </span>
    </p>
   </div>
  </div>
 </body>
</html>
