1794 3084
64 108 94 127 a.
109 100 160 126 ch.
174 107 202 125 n.
215 100 277 125 380.

578 87 720 122 LIBER
748 87 806 124 VI.
854 87 956 122 CAP.
978 91 1034 122 27.
1061 91 1117 123 28.
1574 87 1626 128 61

67 198 204 254 magis
239 197 292 239 ad
324 198 570 250 susceptum
603 198 820 236 certamen
853 209 979 250 quam
1012 195 1295 244 deterruerat3
1339 210 1476 250 neque
1515 196 1631 237 aliud

68 257 122 300 ad
167 256 423 298 seditionem
468 254 825 309 exstinguendam
868 255 912 295 in
956 255 1062 296 urbe
1101 268 1229 308 quam
1268 268 1402 309 prope
1446 255 1630 296 inlatum

68 315 292 358 moenibus
324 314 430 369 ipsis
463 313 623 354 bellum
655 313 805 354 valuit.

187 373 300 416 Nam
333 387 428 415 cum
457 374 571 413 esset
592 371 884 413 Praenestinis
916 372 1165 413 nuntiatum
1197 373 1363 413 nullum
1395 372 1702 414 exercitum‘AS

65 424 374 487 conscriptum⁵
399 430 581 484 Romae,
622 431 789 472 nullum
835 431 985 472 ducem
1018 434 1181 472 certum
1234 446 1345 485 esse,
1395 434 1540 485 patres
1584 446 1632 474 ac

66 492 235 548 plebem
272 492 316 532 in
356 494 492 532 semet
530 491 646 544 ipsos
679 503 843 543 verSOS,
887 490 1155 531 occasionem
1195 491 1278 532 rati
1319 491 1446 532 duces
1485 505 1632 532 eorum
1661 501 1680 531 2

67 551 227 606 raptim
260 550 429 605 agmine
463 551 558 590 acto
591 548 852 603 pervastatis
885 549 1081 603 protinus
1115 549 1230 603 agris
1259 549 1310 590 ad
1338 552 1509 603 portam
1537 548 1632 591 Col-

66 610 199 652 linam
233 610 357 664 signa
389 608 583 649 intulere.

645 608 798 663 ingens
836 607 881 648 in
912 607 1018 648 urbe
1050 608 1281 662 trepidatio
1315 608 1407 649 fuit.

1469 609 1634 650 concla-
1661 619 1680 649 3

65 671 230 710 matum
264 668 317 709 ad
344 682 464 708 arma
490 681 828 721 concursumque
854 667 898 707 in
926 681 1070 709 muros
1101 670 1228 722 atque
1255 670 1403 721 portas
1432 670 1508 721 est,
1539 670 1632 709 tan-

66 727 246 783 demque
280 727 334 768 ab
368 726 576 768 seditione
610 725 663 766 ad
695 725 859 767 bellum
891 725 1005 766 versi
1039 726 1292 767 dictatorem
1320 726 1365 767 T.
1388 726 1634 776 Quinctium

68 785 370 829 Cincinnatum
403 799 612 827 creavere.

67 846 320 887 Atratinum
352 844 471 885 dixit.

675 785 711 826 is
745 785 1003 840 magistrum
1037 786 1228 839 equitum
1262 784 1312 825 A.
1334 784 1635 841 Sempronium
1661 796 1683 826 4

535 844 648 899 quod
679 843 754 885 ubi
793 843 987 885 auditum
1021 850 1085 885 est
1114 868 1164 873 —-
1194 847 1342 885 tantus
1375 845 1466 886 eius
1499 845 1634 900 magi-

67 907 229 947 stratus
261 906 400 945 terror
433 905 525 944 erat
561 927 631 954 -—,
665 903 792 944 simul
841 902 988 944 hostes
1028 917 1052 944 a
1083 904 1308 945 moenibus
1347 917 1560 945 recessere
1594 907 1637 946 et

66 964 257 1006 iuniores
279 962 464 1005 Romani
491 962 542 1003 ad
571 961 757 1003 edictum
790 962 881 1003 sine
907 962 1213 1003 retractatione
1241 976 1488 1004 convenere.
1535 963 1636 1004 dum
1663 974 1683 1004 5

67 1022 354 1065 conscribitur
399 1021 562 1063 Romae
607 1021 838 1075 exercitus,
887 1024 1028 1062 castra
1072 1021 1245 1062 interim
1288 1021 1477 1063 hostium
1522 1022 1636 1063 haud

66 1081 217 1138 procul
251 1081 351 1122 Alia
382 1081 556 1121 flumine
588 1080 742 1135 posita.
799 1079 897 1121 inde
931 1093 1082 1135 agrum
1115 1080 1203 1121 late
1235 1080 1494 1135 populantes
1526 1081 1637 1122 fata-

68 1142 154 1182 lem
187 1154 231 1182 se
261 1140 358 1181 urbi
391 1139 612 1180 Romanae
645 1140 787 1181 locum
820 1138 984 1193 cepisse
1017 1139 1130 1180 inter
1163 1154 1206 1180 se
1238 1139 1477 1181 iactabant:
1521 1140 1637 1181 simi-
1665 1151 1684 1182 6

66 1200 151 1241 lem
183 1213 388 1254 pavorem
421 1198 518 1240 inde
552 1212 600 1239 ac
633 1198 782 1252 fugam
814 1197 924 1252 fore,
963 1212 1010 1239 ac
1044 1198 1155 1239 bello
1189 1197 1354 1240 Gallico
1389 1199 1536 1254 fuerit3
1578 1202 1638 1240 et-

67 1259 182 1301 enim
220 1259 256 1300 si
296 1258 409 1299 diem
447 1259 696 1299 contactum
739 1257 947 1312 religione
991 1257 1290 1312 insignemque
1330 1258 1504 1299 nomine
1548 1258 1638 1299 eius

67 1317 151 1360 loci
182 1317 365 1359 timeant
395 1316 602 1371 Romani,
639 1318 799 1371 quanto
834 1316 974 1371 magis
1008 1315 1176 1357 Aliensi
1209 1316 1276 1358 die
1309 1316 1453 1358 Aliam
1485 1316 1638 1371 ipsam,

70 1379 400 1419 monumentum
450 1378 597 1418 tantae
650 1375 802 1430 cladis,
859 1375 1248 1434 reformidaturos‘?

0 1444 9 1458 ²
69 1435 181 1478 fecto
214 1436 267 1478 iis
299 1435 361 1477 ibi
394 1437 536 1477 truces
570 1434 793 1476 Gallorum
833 1428 1070 1489 sonumque
1111 1435 1227 1476 vocis
1266 1434 1311 1476 in
1343 1436 1477 1477 oculis
1512 1439 1640 1490 atque

71 1495 246 1537 auribus
278 1494 383 1536 fore.

21 1630 24 1652 ³
73 1635 294 1670 kommende
307 1635 438 1678 valuit,
458 1633 519 1668 bei
538 1634 684 1668 interim
700 1634 820 1668 wech-

71 1681 176 1718 selnd
197 1682 245 1727 (3,
269 1686 323 1725 17,
340 1685 401 1723 123
428 1681 490 1724 21,
505 1685 562 1723 29,
579 1682 613 1725 1)
639 1681 709 1715 mit
735 1680 820 1714 dem

69 1729 170 1764 Pr‘as.
197 1729 283 1765 hist.
306 1729 355 1774 (3,
377 1732 433 1772 23,
458 1732 494 1770 13
527 1728 587 1771 21,
608 1731 665 1772 47,
685 1729 719 1771 7)
744 1727 821 1762 und

70 1776 154 1812 dem
180 1775 275 1812 Perf.
301 1776 410 1821 (Kap.
432 1779 489 1819 28,
510 1776 557 1820 5).

117 1834 182 1871 28.
220 1838 250 1870 1.
272 1836 418 1881 certum]
443 1834 821 1877 ‘bestimmt’,indem

70 1883 178 1917 unter
209 1882 281 1917 den
312 1892 434 1916 neuen
460 1880 820 1916 Konsnlartribunen

34 1940 43 1950 ·
71 1927 200 1965 keiner
213 1929 269 1963 als
283 1928 462 1964 Feldherr
481 1928 735 1973 hervorragte,
750 1928 820 1964 wie

74 1975 252 2011 Camillus
290 1978 399 2011 unter
430 1976 549 2011 denen
581 1975 645 2010 des
673 1976 820 2011 vorher—

77 2024 272 2069 gehenden
296 2023 438 2058 Jahres.

39 2111 42 2118 ,
121 2077 342 2113 occasionem
366 2076 459 2122 rati]
483 2075 640 2111 ‘hielten
659 2075 730 2110 den
745 2075 820 2110 Au-

32 2156 35 2158 .
76 2123 250 2170 genblick
276 2123 334 2158 fiir
359 2123 541 2169 gfinstig'.
584 2127 641 2167 21,
664 2127 718 2167 11,
740 2127 772 2159 8.

121 2177 264 2222 aymine
302 2177 398 2223 acto]
440 2177 522 2211 ‘das
555 2177 652 2211 Heer
682 2176 721 2211 in
753 2175 821 2211 Be-

76 2234 235 2270 wegung
260 2225 400 2260 setzen’
431 2225 478 2269 (2,
501 2227 557 2268 58,
575 2228 611 2265 7;
639 2227 695 2268 25,
712 2228 767 2268 36,
785 2227 822 2266 1;

75 2273 131 2316 27,
154 2275 208 2316 16,
232 2273 307 2316 10),
339 2271 518 2307 zuweilen
543 2271 614 2305 mit
639 2272 722 2306 dem
749 2272 823 2306 Ad·

39 2356 41 2360 ,
73 2318 162 2354 verb
188 2320 324 2364 raptim
349 2331 413 2354 zur
433 2317 696 2363 Bezeichnung
721 2318 822 2353 eines

76 2364 212 2411 eiligen
232 2366 436 2402 Marsches:
464 2369 497 2410 7,
518 2370 574 2409 37,
591 2369 628 2408 6;
656 2369 712 2408 21,
728 2369 785 2409 41,
801 2369 823 2400 4

38 2443 42 2446 .
75 2423 110 2448 u.
131 2416 186 2457 61,
207 2418 245 2457 4;
272 2417 328 2457 23,
351 2417 407 2457 36,
430 2418 466 2456 ὃς
495 2417 551 2455 25,
573 2417 604 2456 9,
627 2417 658 2447 3.

40 2496 41 2499 ,
117 2466 305 2512 protinus]
329 2467 425 2502 ohne
440 2467 758 2510 Unterbrechung,
784 2466 823 2500 in

78 2511 197 2549 einem
222 2513 306 2550 fort.

123 2567 172 2602 ad
202 2570 346 2612 portam
373 2567 571 2613 Collinam]
611 2567 736 2602 indem
769 2565 822 2601 sie

50 2621 150 2649 ‚von
187 2613 251 2649 der
282 2614 354 2649 Via
385 2614 630 2650 Praenestina
668 2614 823 2659 (welche

79 2669 141 2694 zur
179 2659 293 2696 Porta
324 2661 521 2706 Esquilina
558 2661 695 2705 ffihrte)
735 2661 826 2696 iiber

80 2704 140 2741 die
163 2707 296 2743 Felder
321 2709 386 2744 auf
411 2709 470 2744 die
492 2709 563 2744 Via
587 2709 826 2744 Nomentana

80 2750 433 2801 him'ibergegangen
460 2767 595 2792 waren.

127 2814 159 2846 3.
178 2813 220 2848 in
238 2824 360 2849 muros
381 2817 487 2860 atque
500 2815 646 2860 portas]
663 2815 825 2859 Zeugma

83 2857 173 2894 statt
195 2861 236 2895 in
260 2871 382 2897 maros
410 2866 517 2907 atque
542 2863 590 2897 ad
615 2865 751 2906 portas.

1323 1376 1486 1430 species
1542 1391 1640 1430 pro-

945 1632 984 1668 T.
1015 1632 1240 1678 Quinctium]
1295 1632 1377 1678 Vgl.
1418 1633 1510 1678 Kap.
1543 1637 1576 1676 4,
1610 1638 1640 1669 7.

894 1679 968 1714 Der
986 1679 1242 1715 Reiteroberst
1267 1679 1310 1715 A.
1328 1680 1566 1725 Sempronius
1592 1680 1642 1716 ist

893 1727 998 1762 nicht
1024 1726 1153 1762 weiter
1178 1727 1356 1763 bekannt.

941 1780 1118 1827 creavere]
1156 1781 1189 1815 d.
1211 1781 1244 1815 h.
1273 1781 1374 1817 einer
1406 1782 1470 1816 der
1496 1781 1642 1816 Konsu-

893 1827 1125 1863 lartribunen
1152 1828 1290 1863 w'ahlte
1316 1829 1381 1863 ihn
1405 1828 1502 1864 nach
1522 1829 1643 1864 einem

895 1875 1245 1911 Senatsbeschlusse
1272 1875 1362 1921 (vgl.
1385 1876 1476 1921 Kap.
1498 1880 1530 1919 2,
1552 1877 1614 1927 5)..

941 1932 974 1963 4.
1018 1928 1202 1975 Romani]
1260 1929 1550 1974 ungewohnlich
1601 1942 1643 1964 zu

893 1976 1056 2011 iuniores
1075 1978 1239 2021 gesetzt,
1265 1989 1328 2011 um
1349 1977 1421 2011 den
1435 1976 1643 2022 Gegensatz

894 2035 937 2058 zu
963 2023 1076 2058 hostes
1102 2036 1146 2058 zu
1171 2023 1303 2060 heben.

941 2076 1018 2111 sine
1049 2077 1321 2123 retractatione]
1357 2077 1468 2113 ‘ohne
1493 2077 1646 2123 Weige-

894 2135 1007 2168 rung,
1032 2123 1343 2168 Widerstreben’,
1372 2125 1467 2159 auch
1493 2136 1540 2159 an
1565 2124 1643 2160 drei

898 2169 1038 2206 Stellen
1053 2171 1113 2206 bei
1123 2169 1265 2213 Cicero;
1288 2171 1325 2206 in
1340 2172 1522 2217 gleichem
1533 2172 1644 2207 Sinne

896 2218 957 2252 bei
990 2218 1118 2253 Livius
1156 2218 1324 2254 zweimal
1358 2221 1437 2254 sine
1467 2220 1644 2255 detracta-

897 2266 993 2300 tione
1020 2267 1067 2310 (7,
1089 2269 1145 2309 28,
1168 2270 1206 2309 43
1233 2270 1290 2311 44,
1311 2270 1368 2310 37,
1389 2269 1435 2311 4).

945 2328 976 2360 5.
1004 2325 1089 2360 urbi
1101 2324 1306 2372 Romanae]
1329 2343 1373 2354 =
1393 2326 1478 2361 urbi
1497 2326 1646 2371 Romae,

896 2371 966 2406 mit
996 2372 1266 2408 rhetorischem
1299 2373 1438 2408 Pathos
1469 2374 1544 2408 und
1571 2373 1645 2408 An-

897 2419 1063 2465 deutung
1088 2420 1153 2455 der
1173 2420 1302 2455 Macht
1322 2420 1444 2456 Roms.
1480 2420 1562 2466 Vgl.
1584 2424 1604 2463 ξ
1625 2425 1644 2456 9

895 2468 1038 2502 moenia
1064 2466 1255 2510 Romana;
1280 2466 1374 2513 Kap.
1396 2471 1452 2511 40,
1476 2472 1529 2503 11.

945 2529 975 2561 6.
1017 2536 1189 2570 pavorem
1227 2537 1270 2561 ac
1307 2527 1456 2573 fuyam]
1499 2527 1645 2572 haufige

897 2571 1241 2619 Wortverbindung
1272 2573 1334 2608 bei
1360 2574 1504 2617 Livius,
1548 2587 1576 2608 z.
1605 2575 1644 2608 B.

896 2630 1012 2664 pavor
1046 2621 1207 2665 fayaque
1249 2625 1286 2665 5,
1321 2624 1382 2664 38,
1416 2625 1435 2655 5
1475 2621 1550 2655 und
1589 2624 1644 2663 31,

899 2670 932 2710 2,
948 2671 979 2710 9,
1002 2668 1155 2712 paz-oris
1180 2678 1223 2703 ac
1248 2669 1359 2713 fuyae
1384 2672 1440 2712 26,
1455 2672 1488 2712 2,
1507 2671 1547 2703 13
1569 2669 1644 2702 und

912 2717 968 2757 35,
989 2718 1020 2757 2,
1042 2719 1075 2749 3.

947 2770 1151 2802 contactum
1176 2767 1365 2813 religione]
1392 2767 1476 2803 ‘mit
1497 2767 1644 2803 Grauen

899 2813 1104 2858 behaftet',
1158 2831 1202 2843 =
1240 2815 1466 2860 reliqiosum,
1511 2819 1644 2851 atrum.

898 2860 981 2906 Vgl.
1011 2860 1103 2907 Kap.
1128 2866 1156 2905 1,
1181 2865 1234 2897 11.
