1794 3084
75 147 101 167 n.
124 140 174 166 Ch.
195 148 222 165 n.
243 140 303 166 389.

637 129 781 165 LIBER
806 129 867 165 VI.
920 129 1022 166 CAP.
1051 134 1070 164 3
1587 130 1635 170 11

78 253 127 280 eo
154 238 264 280 forte
290 240 483 292 tempore
505 236 712 280 Camillus
740 252 835 279 cum
862 238 1047 280 exercit-u
1068 237 1262 279 Romano
1290 236 1529 279 intervenit.
1572 239 1639 280 cui
1665 247 1687 277 4

78 311 174 339 cum
220 311 264 338 se
309 299 476 338 maesta
519 297 646 338 turba
698 296 750 337 ad
796 296 924 350 pedes
977 296 1267 350 provolvisset
1314 296 1640 352 principumque

78 355 318 398 orationem
362 356 620 397 necessitate
665 356 820 396 ultima
865 370 1109 409 expressam
1151 355 1275 396 fletus
1321 356 1546 397 mulierum
1593 371 1641 398 ao

76 429 324 469 puerorum,
363 415 435 468 qui
475 415 589 455 exilii
622 415 797 455 comites
831 414 1132 468 trahebantur,
1177 414 1430 468 excepisset,
1468 429 1640 468 parcere

76 473 280 515 lamentis
308 471 505 514 Sutrinos
531 473 673 514 iussit:
712 472 908 514 Etruscis
941 487 985 514 se
1011 473 1173 514 luctum
1200 474 1484 528 lacrimasque
1517 474 1639 516 ferre.

76 532 266 574 sarcinas
302 532 400 573 inde
439 532 595 586 deponi
629 530 913 586 Sutrinosque
951 532 1013 573 ibi
1052 531 1272 574 considere
1311 532 1479 574 modico
1518 547 1638 586 prae·
1666 541 1686 572 5

76 591 185 632 sidio
224 591 393 644 relicto,
433 605 553 632 arma
591 605 734 632 secum
776 591 960 631 militem
1000 590 1111 631 ferre
1150 591 1279 631 iubet.
1335 591 1396 632 ita
1438 592 1638 646 expedito

76 650 264 692 exercitu
297 649 514 704 profectus
548 649 601 690 ad
634 648 845 704 Sutrium,
877 649 918 690 id
953 649 1067 704 quod
1100 650 1287 703 rebatur,
1321 650 1464 692 soluta
1496 651 1642 693 omnia

76 709 218 763 rebus,
248 711 297 750 ut
327 709 388 763 fit,
422 708 617 750 secundis
650 708 830 761 invenit,
859 708 1021 749 nullam
1056 709 1286 750 stationem
1321 713 1418 750 ante
1451 710 1640 764 patentis

75 770 235 823 portas,
266 768 475 809 victorem
501 781 660 822 vagum
688 767 890 821 praedam
919 782 968 808 ex
1000 767 1190 809 hostium
1224 768 1350 809 tectis
1384 772 1640 823 egerentem.

196 826 358 868 Iterum
391 827 525 882 igitur
551 827 698 867 eodem
727 826 793 867 die
822 825 1013 868 Sutrium
1041 827 1223 880 capitur,
1259 827 1443 868 victores
1470 827 1641 870 Etrusci
1668 837 1688 868 6

73 886 234 941 passim
268 886 539 928 trucidantur
572 886 624 926 ab
659 900 770 927 novo
803 885 947 938 hoste,
979 900 1116 940 neque
1151 900 1194 926 se
1228 886 1515 941 conglobandi
1549 891 1640 929 coe-

74 944 261 1000 undique
293 945 338 986 in
370 959 503 986 unum
536 948 610 986 aut
643 959 761 986 arma
795 944 994 999 capiundi
1027 944 1152 986 datur
1185 945 1386 999 spatium.
1439 960 1534 987 cum
1562 961 1641 1000 pro
1669 955 1688 986 7

73 1018 118 1045 se
151 1003 329 1059 quisque
362 1004 588 1045 tenderent
621 1004 673 1045 ad
701 1007 862 1057 portas,
895 1004 932 1044 si
960 1019 1043 1058 qua
1070 1004 1180 1044 forte
1208 1018 1251 1044 se
1278 1004 1322 1045 in
1349 1018 1476 1059 agros
1506 1005 1641 1047 eicere

71 1066 270 1117 possent,
310 1063 478 1105 clausas
511 1087 568 1092 —
600 1062 643 1104 id
683 1062 796 1103 cnim
829 1063 1017 1117 primum
1051 1062 1234 1104 dictator
1265 1063 1553 1117 imperaverat-
1587 1088 1639 1094 —

73 1122 313 1163 inveniunt.
370 1122 468 1163 inde
511 1121 587 1163 alii
627 1136 746 1163 arma
791 1136 959 1176 capere,
1005 1122 1099 1175 alii,
1144 1136 1251 1175 quos
1295 1122 1407 1163 forte
1453 1127 1642 1166 armatos
1668 1132 1690 1163 8

72 1181 286 1222 turnultus
333 1183 636 1234 occupaverat,
681 1195 917 1222 convocare
964 1195 1083 1235 suos,
1129 1183 1176 1221 ut
1218 1181 1427 1235 proelium
1466 1181 1641 1237 inirent3

73 1240 188 1295 quod
221 1254 446 1282 accensum
481 1240 532 1280 ab
567 1239 864 1294 desperatione
896 1239 1088 1281 hostium
1121 1239 1292 1293 fuisset,
1330 1240 1376 1280 ni
1409 1255 1641 1294 praecones

71 1313 148 1353 per
178 1299 327 1340 urbem
360 1298 524 1340 dimissi
556 1298 660 1353 poni
693 1313 812 1340 arma
846 1300 889 1339 et
927 1300 1047 1353 parci
1085 1299 1240 1340 inermi
1279 1298 1523 1353 iussissent,
1564 1315 1643 1342 nec

70 1360 241 1411 praeter
273 1360 463 1399 armatos
497 1372 754 1412 quemquam
788 1358 951 1400 violari.
1006 1361 1098 1399 tum
1139 1357 1270 1398 etiam
1311 1358 1465 1413 quibus
1507 1359 1642 1400 animi
1669 1369 1689 1399 9

70 1417 116 1457 in
143 1431 218 1471 spe
244 1417 399 1458 ultima
426 1417 637 1458 obstinati
665 1416 717 1457 ad
745 1416 1049 1458 decertandum
1076 1416 1263 1470 fuerant,
1290 1420 1521 1472 postquam
1544 1418 1642 1459 data

71 1490 167 1530 spes
201 1476 315 1517 vitae
354 1477 435 1530 est,
473 1475 632 1517 iactare
671 1477 836 1529 passim
871 1491 990 1517 arma
1022 1475 1314 1530 inermesque,
1354 1477 1467 1531 quod
1505 1478 1641 1519 tutius

66 1626 174 1672 jeder
207 1638 278 1662 nur
308 1628 378 1662 mit
415 1627 560 1662 einem
595 1626 819 1672 Kleidungs-

69 1674 201 1709 stficke
223 1674 383 1710 bedeckt
398 1675 477 1710 sein
491 1673 625 1719 durfte,
641 1674 820 1709 wahrend

71 1722 176 1756 sonst
201 1721 266 1757 der
291 1724 423 1767 Anzug
454 1733 520 1756 aus
556 1722 676 1756 einem
704 1720 820 1756 Ober-

70 1767 173 1804 kleid
193 1768 270 1803 und
289 1770 409 1804 einem
426 1768 645 1804 Unterkleid
662 1768 819 1803 bestand

71 1814 160 1861 (vgl.
187 1827 215 1851 z.
243 1817 282 1852 B.
308 1817 353 1861 9,
380 1820 419 1860 4,
446 1821 485 1859 3;
522 1819 560 1860 5,
590 1820 648 1858 123
691 1820 752 1859 15,
780 1820 817 1860 6;

70 1866 126 1907 42,
150 1865 195 1907 7).

117 1913 150 1945 4.
177 1921 216 1945 eo
237 1910 405 1955 tempore]
433 1909 727 1944 nachdrsicklich
748 1910 819 1944 den

70 1956 273 2002 Zeitpunkt
296 1958 361 1992 der
382 1956 704 2002 Haupthandlung
723 1968 818 1991 mar-

71 2003 244 2048 kierend,
283 2015 386 2040 wozu
424 2006 526 2039 sonst
563 2005 619 2039 oft
654 2008 730 2039 tum
767 2004 819 2038 im

69 2049 279 2087 Nachsatze
306 2052 418 2087 steht.

115 2109 151 2134 se
175 2099 430 2145 provolvisset]
470 2099 590 2134 selten
623 2099 661 2133 in
697 2098 819 2133 dieser

69 2143 406 2191 Bedeutung,=se
421 2147 614 2181 abiecisset.
643 2150 698 2189 34,
721 2150 775 2189 11,
798 2149 818 2180 5

69 2193 191 2238 flentes
228 2194 278 2229 ad
313 2204 433 2239 yenua
474 2194 635 2229 consulis
676 2194 819 2238 prot-ol-

68 2243 216 2276 cuntur.

119 2287 254 2323 luctum
304 2288 557 2333 lacrimasque]
623 2287 818 2322 allitterie-

69 2334 181 2369 rende
204 2334 457 2380 Verbindung.
492 2333 684 2370 Cic.Verr.
703 2337 818 2377 5,138

70 2381 112 2416 in
139 2386 335 2425 parentum
367 2383 467 2417 luctu
500 2385 606 2426 atque
643 2382 818 2424 lacrimis,

14 2435 15 2438 ’
70 2438 107 2473 Ρ.
133 2427 239 2464 Sulla
263 2432 306 2464 91
345 2441 455 2474 quam
493 2430 563 2464 cito
594 2429 662 2464 illa
694 2440 819 2464 omnia

71 2485 115 2510 ex
146 2475 288 2511 laetitia
319 2480 351 2511 et
382 2477 566 2521 voluptate
597 2477 646 2511 acl
682 2477 817 2511 lactum

72 2524 105 2557 et
129 2522 300 2559 lacrimas
324 2525 556 2559 reciderunt!

120 2572 151 2604 5.
181 2570 251 2617 ita]
278 2570 313 2604 d.
340 2571 376 2605 h.
402 2572 560 2606 sarcinis
586 2570 767 2615 depositis.

118 2617 237 2652 soluta
262 2618 401 2698 omniql]
442 2618 550 2652 ‘alles
586 2618 624 2652 in
657 2618 816 2662 velliger

73 2662 310 2710 Aufl6sung’,
332 2676 370 2699 1n
400 2676 458 2699 em
477 2665 549 2700 alle
572 2664 816 2699 militarische

74 2706 251 2756 ordnung
281 2712 357 2746 und
384 2711 544 2758 Leitnng
579 2710 817 2757 aufgehoben

73 2765 160 2792 war.

120 2807 161 2838 ut
184 2804 241 2850 fit]
268 2805 363 2840 auch
385 2806 477 2851 Kap.
498 2810 555 2849 21,
568 2810 586 2840 7
609 2823 653 2836 =
673 2809 714 2841 ut
737 2806 819 2849 fieri

73 2849 176 2894 solet,
212 2855 253 2886 ut
289 2853 364 2896 fere
393 2854 452 2896 fit,
489 2853 601 2888 niiml.
629 2856 670 2888 ut
695 2854 818 2888 omnia

73 2896 179 2933 rebus
201 2900 367 2935 secundis
391 2900 591 2936 solvantur.

942 1631 973 1663 6.
1018 1627 1059 1661 in
1084 1627 1215 1672 unum]
1249 1626 1527 1671 pleonastische
1553 1628 1643 1663 Ver-

895 1674 1096 1719 starkung,
1130 1674 1272 1709 welche
1305 1674 1358 1709 oft
1391 1687 1436 1709 zu
1468 1675 1540 1710 den
1574 1675 1643 1711 mit

894 1733 961 1756 con
975 1722 1383 1765 zusammengesetzten
1399 1722 1545 1758 Verben
1559 1723 1642 1758 hin-

894 1770 1083 1813 zugesetzt
1121 1768 1230 1811 wird‚
1279 1770 1374 1803 auch
1417 1769 1478 1804 bei
1516 1770 1642 1806 Cicero

895 1816 1079 1861 (dagegen
1095 1815 1155 1850 bei
1171 1816 1306 1850 Caesar
1320 1817 1361 1851 in
1373 1827 1487 1851 unum
1501 1818 1642 1862 locum).

944 1867 974 1897 7.
1019 1863 1217 1907 tenderent]
1258 1864 1351 1898 statt
1382 1864 1447 1898 des
1478 1864 1639 1910 Kompo-

893 1910 1026 1945 situms
1041 1911 1306 1954 contenderent,
1321 1909 1377 1946 oft
1388 1911 1450 1945 bei
1464 1911 1643 1947 Dichtern

892 1957 968 1991 und
994 1956 1057 1992 bei
1082 1956 1219 1992 Livius.

939 2004 994 2050 si]
1038 2003 1141 2047 ‘ob'‚
1182 2005 1216 2039 d.

893 2052 998 2092 chen,
1027 2051 1084 2086 ob.

941 2103 972 2134 8.
1016 2099 1125 2145 forte]
1153 2099 1235 2133 hier
1262 2116 1306 2127 =
1331 2110 1439 2143 msa,-
1473 2100 1640 2145 dagegen

891 2146 929 2180 in
957 2147 1090 2181 Satzen
1116 2145 1187 2181 mit
1210 2147 1253 2189 si,
1281 2146 1351 2181 wie
1377 2149 1396 2189 ξ
1424 2151 1454 2190 7,
1483 2148 1585 2182 steht
1604 2159 1643 2182 es

893 2192 1134 2238 regelmassig
1159 2195 1252 2228 statt
1277 2194 1439 2236 fortasse.

941 2240 1196 2287 occupaverat]
1216 2240 1445 2285 aberrascht,
1460 2241 1642 2278 betroffen

893 2287 1008 2323 hatte.
1060 2288 1153 2333 Kap.
1185 2291 1238 2332 12,
1262 2292 1314 2323 10.

941 2335 1002 2381 ab]
1033 2335 1220 2380 ‘infolge'.
1272 2336 1363 2380 Kap.
1392 2339 1425 2379 2,
1446 2339 1478 2371 9.

939 2382 1082 2428 fuisset]
1101 2399 1145 2411 =
1165 2386 1261 2418 esset.
1288 2382 1414 2417 Livius
1435 2383 1555 2418 bildet
1574 2384 1640 2418 das

891 2428 1057 2474 Plusqpf.
1066 2429 1164 2464 Pass.
1180 2429 1235 2464 oft
1249 2430 1317 2464 mit
1326 2431 1480 2473 fueram,
1491 2431 1638 2474 fuissem

893 2477 985 2511 statt
1011 2476 1079 2511 mit
1106 2488 1216 2520 eram,
1243 2488 1358 2512 essem.

939 2527 970 2559 9.
1022 2523 1167 2569 quibus]
1213 2523 1337 2559 Davor
1371 2528 1526 2569 erg’anze
1553 2536 1639 2559 man

892 2571 956 2606 das
983 2570 1143 2615 Subjekt
1169 2571 1211 2606 ei.

937 2619 978 2652 in
1002 2629 1063 2662 spe
1088 2618 1237 2664 ultima]
1264 2617 1376 2652 niiml.
1398 2619 1529 2653 salutis
1549 2617 1640 2652 oder

889 2666 996 2708 vitae,
1023 2665 1075 2698 ‘in
1102 2665 1167 2699 der
1192 2664 1396 2699 aussersten
1418 2665 1637 2710 Hoffnungs-

890 2711 1103 2755 losigkeit’,
1148 2723 1224 2746 was
1263 2712 1397 2746 vorher
1435 2713 1639 2757 desperatio

889 2758 997 2793 hiess.

938 2806 988 2840 acl
1013 2806 1285 2851 decertandum]
1313 2805 1369 2840 bis
1395 2817 1438 2840 zu
1465 2805 1569 2842 Ende
1596 2818 1639 2841 zu

892 2852 1066 2895 streiten,
1127 2852 1185 2887 bis
1235 2853 1316 2888 auis
1367 2852 1545 2888 aurserste
1595 2866 1639 2889 zu

891 2899 1079 2944 kiimpfen.

1255 2004 1290 2039 h.
1331 2017 1394 2039 um
1435 2016 1479 2039 zu
1518 2017 1640 2041 versu—
