1794 3084
81 107 109 127 a.
130 100 181 126 ch.
202 107 232 126 n.
250 100 313 126 842.

617 88 763 124 LIBER
789 87 866 124 VII.
916 86 1019 123 CAP.
1045 91 1101 124 39.
1587 84 1642 126 85

82 199 198 241 inter
235 211 352 239 mare
395 211 444 239 ac
483 200 649 239 montes
689 196 884 238 consedit
922 196 975 238 ad
1014 194 1307 250 excipiendos,
1353 208 1459 248 quos
1498 193 1648 235 consul

83 258 180 300 aliis
219 260 347 311 atque
390 256 506 310 aliis,
550 259 598 297 ut
642 258 739 297 ante
779 255 939 297 dictum
981 257 1064 308 est,
1108 253 1246 296 causis
1291 253 1507 295 mittebat.
1562 252 1648 293 iam
1676 263 1696 294 8

83 316 228 358 valida
261 315 489 358 admodum
522 329 701 356 numero
735 329 887 356 manus
929 317 1039 366 erat,
1076 328 1156 355 nec
1195 312 1423 367 quicquam
1462 312 1515 353 ad
1547 311 1650 352 iusti

85 374 297 418 exercitus
337 374 522 417 formam
566 376 736 428 praeter
781 373 931 415 ducem
975 373 1131 414 deerat.
1182 371 1459 425 incompositi
1503 371 1649 424 itaque

84 434 342 490 praedantes
374 434 418 474 in
451 447 607 489 agrum
640 432 859 474 Albanum
891 432 1146 486 perveniunt
1178 434 1221 472 et
1260 430 1338 472 sub
1377 430 1478 485 iugo
1511 429 1651 471 Albae

84 493 262 548 Longae
303 496 445 534 castra
490 492 604 534 vallo
649 491 840 546 cingunt.

906 490 1096 545 perfecto
1135 490 1233 531 inde
1273 504 1399 544 opere
1440 488 1651 543 reliquum
1678 499 1698 530 9

84 552 170 594 diei
196 552 247 593 de
273 551 534 606 imperatore
563 550 768 593 sumendo
798 550 1027 591 sententiis
1055 550 1285 602 decertant,
1317 548 1427 589 nulli
1453 563 1502 589 ex
1531 562 1651 602 prae-

84 611 277 653 sentibus
318 611 424 652 satis
465 610 665 651 fidentes:
711 624 837 665 quem
878 611 1020 650 autem
1055 609 1107 649 ab
1146 608 1286 649 Roma
1324 622 1450 662 posse
1491 606 1652 648 exciri?
1681 616 1724 648 10

84 685 211 725 quem
243 672 416 724 patrum
449 673 524 710 aut
555 669 692 724 plebis
727 683 832 722 esse,
865 668 937 722 qui
969 670 1044 709 aut
1077 681 1120 709 se
1147 669 1269 708 tanto
1296 667 1486 720 periculo
1515 667 1652 708 sciens

83 730 250 782 offerat,
292 732 367 771 aut
405 728 473 770 eui
514 743 564 770 ex
611 728 768 769 iniuria
813 727 1068 768 insanientis
1109 727 1320 768 exercitus
1365 740 1493 766 causa
1537 727 1652 766 recte

83 787 405 831 committatur?
456 790 631 842 postero
665 787 732 828 die
772 802 867 829 cum
912 786 1061 828 eadem
1100 785 1352 826 deliberatio
1386 786 1569 837 teneret,
1602 798 1651 825 ex
1680 793 1722 824 11

84 847 412 902 praedatoribus
432 847 555 901 vagis
577 846 752 901 quidam
779 848 1046 900 compertum
1073 845 1312 886 attulerunt
1333 843 1379 884 T.
1404 843 1653 893 Quinctium

82 908 128 948 in
159 906 403 948 Tusculano
447 920 600 961 agrum
639 906 801 959 colere,
844 905 964 946 urbis
1001 904 1304 958 honorumque
1344 903 1653 944 immemorem.

84 966 292 1020 patriciae
331 965 403 1007 hic
447 965 514 1006 vir
558 964 699 1019 gentis
739 967 848 1018 erat,
893 964 960 1006 cui
1001 978 1097 1005 cum
1138 963 1321 1004 militiae
1359 975 1520 1016 magna
1559 971 1725 1003 cum12

85 1024 225 1081 gloria
258 1026 379 1066 actae
411 1024 540 1065 finem
574 1038 649 1078 pes
683 1024 790 1065 alter
822 1037 872 1064 ex
911 1023 1086 1064 vulnere
1126 1021 1302 1064 claudus
1341 1020 1533 1074 fecisset,
1566 1020 1655 1061 ruri

84 1098 211 1139 agere
238 1084 371 1125 vitam
400 1084 548 1137 procul
577 1083 814 1124 ambitione
837 1097 884 1124 ac
907 1082 1001 1123 foro
1023 1081 1261 1123 constituit.
1304 1081 1477 1121 nomine
1506 1079 1652 1121 audito
1684 1089 1726 1120 13

85 1143 300 1198 extemplo
322 1156 537 1198 agnovere
557 1142 695 1183 virum
717 1144 771 1195 et,
793 1141 906 1196 quod
926 1142 1034 1182 bene
1053 1142 1254 1193 verteret,
1275 1140 1402 1181 acciri
1424 1139 1654 1180 iusserunt.

87 1202 160 1244 sed
200 1217 352 1256 parum
392 1202 483 1256 spei
523 1205 616 1243 erat
652 1201 876 1243 voluntate
915 1201 1145 1255 quicquam
1184 1198 1418 1253 facturum,
1457 1198 1545 1240 vim
1585 1197 1655 1238 ad-

83 1261 222 1303 hiberi
261 1275 310 1303 ac
348 1264 511 1302 metum
552 1260 725 1314 placuit.
782 1260 926 1314 itaque
967 1259 1139 1301 silentio
1178 1258 1318 1300 noctis
1361 1272 1455 1299 cum
1493 1259 1655 1298 tectum
1686 1266 1728 1297 14

84 1321 215 1362 villae
237 1321 309 1375 qui
330 1319 383 1361 ad
403 1320 445 1361 id
466 1320 587 1361 missi
608 1323 730 1361 erant
756 1320 1005 1370 intrassent,
1032 1332 1182 1359 somno
1209 1331 1385 1372 gravem
1407 1316 1657 1366 Quinctium

86 1394 358 1434 oppressum,
396 1379 503 1420 nihil
542 1379 746 1430 medium,
785 1381 860 1420 aut
898 1378 1127 1432 imperium
1167 1381 1295 1431 atque
1327 1376 1536 1418 honorem
1569 1378 1656 1429 aut,

87 1440 161 1481 ubi
193 1438 433 1493 restitaret,
466 1442 671 1492 mortem,
702 1437 747 1479 ni
780 1441 1042 1492 sequeretur,
1074 1436 1398 1489 denuntiantes,
1438 1435 1483 1476 in
1517 1437 1658 1476 castra

85 1501 400 1554 pertraxerunt.
456 1498 691 1551 imperator
729 1497 945 1550 extemplo
985 1495 1217 1537 adveniens
1251 1495 1514 1549 appellatae,
1552 1493 1656 1534 insi-

89 1558 277 1612 gniaque
310 1557 486 1598 honoris
527 1557 728 1598 exterrito
770 1556 937 1597 subitae
969 1555 1030 1596 rei
1063 1554 1270 1595 miraculo
1303 1553 1501 1594 deferunt
1533 1555 1575 1594 et
1607 1552 1660 1593 ad

140 1688 172 1720 8.
199 1685 336 1730 itaque]
365 1684 449 1729 Vgl.
470 1684 565 1729 Kap.
586 1688 619 1727 2,
643 1688 675 1719 6.

139 1733 206 1767 sub
228 1733 313 1775 iuyo
327 1731 444 1766 Albae
463 1731 630 1777 Lonyae]
653 1743 713 1766 am
733 1734 839 1766 west-

92 1778 217 1814 lichen
257 1778 367 1814 Fusse
407 1778 473 1813 des
512 1779 619 1813 Mons
662 1778 842 1821 Albanus,

93 1827 275 1862 zwischen
295 1827 378 1861 dem
394 1826 560 1861 Albaner
574 1825 643 1861 See
663 1826 739 1860 und
758 1826 842 1860 dem

94 1874 306 1909 Nemi-See.

143 1925 175 1955 9.
202 1920 404 1966 deccrtant]
445 1919 703 1964 Bezeichnung
741 1920 842 1954 eines

90 1968 229 2013 langen
254 1969 330 2003 und
358 1968 528 2012 heftigen
555 1967 719 2002 Streites.
769 1968 839 2001 Der

91 2015 283 2050 fiblichere
327 2015 523 2050 Ausdruck
566 2014 615 2049 ist
652 2015 839 2049 sententiis

92 2066 229 2098 certare
255 2066 326 2108 (26,
342 2066 448 2105 32‚1;
475 2065 644 2105 28‚26,2;
672 2065 836 2105 42,50‚1.

89 2109 176 2144 Tae.
204 2110 296 2145 Ann.
327 2114 356 2153 1,
378 2112 450 2153 29).

138 2157 236 2192 nulli
263 2186 270 2193 .
293 2186 300 2192 .
323 2185 330 2192 .
358 2156 522 2203 fidentes]
547 2172 591 2185 =
617 2156 773 2191 (licentes
804 2166 840 2190 se

92 2204 190 2239 nulli
227 2216 270 2239 ex
302 2205 557 2250 praesentibws*
591 2204 682 2238 satis
720 2203 839 2246 fidere.

92 2251 143 2286 Zu
169 2251 234 2286 der
259 2251 427 2295 Aussage
458 2262 493 2286 se
524 2252 621 2285 nulli
642 2278 648 2284 .
672 2277 678 2284 .
703 2278 708 2284 .
729 2250 838 2292 fidere

91 2298 176 2342 ffigt
201 2302 319 2334 autem
346 2299 418 2333 den
444 2297 653 2340 Gegensatz
681 2297 803 2331 liinzu.

143 2349 197 2380 10.
221 2346 352 2391 plebis]
373 2348 480 2380 unter
495 2346 566 2379 den
581 2343 841 2390 angesehenen

94 2392 303 2437 Plebejern.

141 2451 185 2475 ex
209 2439 370 2483 iniuria]
412 2439 620 2483 Gegensatz
653 2450 696 2472 zu
728 2438 842 2473 sciens

94 2486 403 2532 (‘wissentlich'),
432 2485 541 2520 ‘nach
562 2486 663 2520 einer
683 2484 843 2520 Gewalt-

95 2533 181 2568 that
217 2534 281 2569 des
320 2533 503 2568 rasenden
542 2532 716 2575 Heeres’,
744 2531 779 2566 d.
806 2533 842 2567 h.

95 2579 280 2616 nachdem
307 2591 346 2615 er
372 2580 442 2615 mit
468 2580 614 2615 Gewalt
638 2591 700 2613 zur
726 2570 842 2614 Uber-

97 2627 233 2662 nahme
259 2628 323 2663 des
344 2628 588 2663 Oberbefehls
615 2638 840 2672 gezwungen

97 2675 247 2710 worden
275 2679 382 2710 ware.

147 2725 201 2756 11.
245 2723 365 2757 eadem
405 2720 630 2766 deliberatio]
673 2738 715 2749 =

97 2769 234 2804 beratio
260 2770 303 2804 de
330 2770 451 2804 eadem
477 2780 524 2803 re.

148 2816 301 2862 teneret]
352 2815 532 2858 ‘anhielt‚
583 2814 840 2850 fortdauerte’.

97 2862 184 2908 Vgl.
205 2867 312 2907 2‚3,5
335 2874 402 2908 per
429 2863 567 2908 aliquot
592 2863 669 2897 dies
694 2874 735 2897 ea
760 2873 842 2898 con·

754 2721 841 2756 deli-

914 1684 1063 1718 sultatio
1090 1683 1226 1725 ωηιξη
1252 1683 1410 1724 3‚19,2;
1437 1684 1542 1723 29,6;
1569 1683 1659 1724 47,ss

914 1732 1099 1766 silentium
1125 1730 1209 1764 {mle
1235 1729 1465 1773 aliquamdiu
1490 1728 1616 1762 tenuit.

966 1777 1190 1822 Tusculano]
1224 1775 1424 1819 Neutrum,
1464 1775 1537 1810 ‘im
1567 1773 1662 1809 Tus-

917 1824 1183 1859 culanischen’.

967 1876 1019 1906 12.
1041 1871 1191 1916 procul]
1218 1870 1303 1914 Vgl.
1330 1870 1422 1914 Kap.
1446 1872 1477 1910 5,
1502 1873 1533 1904 9.

965 1922 1018 1954 13.
1045 1920 1141 1964 quod
1168 1919 1252 1953 bene
1277 1917 1440 1962 verteret]
1470 1917 1562 1951 ‘was
1583 1915 1662 1951 sich

913 1978 996 2001 zum
1034 1967 1155 2001 Guten
1196 1965 1352 2000 wenden
1389 1964 1540 2009 moge’‚
1579 1963 1661 1998 eine

912 2013 1080 2048 ziemlich
1095 2013 1241 2056 hziufige
1256 2012 1440 2056 Phi-ase(z.
1458 2013 1496 2046 Β.
1512 2014 1610 2054 3,26,
1621 2014 1660 2054 93

913 2066 970 2104 35,
991 2065 1030 2103 8;
1058 2064 1114 2102 62,
1136 2062 1183 2102 5).

963 2112 1016 2143 14.
1055 2119 1178 2143 somno
1215 2106 1376 2152 gravem]
1426 2105 1496 2140 ‘im
1543 2105 1663 2140 tiefen

915 2154 1094 2198 Schlafe',
1116 2154 1375 2198 Bestimmung
1394 2166 1437 2188 zu
1451 2163 1662 2198 oppressum

915 2202 1205 2248 (‘tiberfallen’).

957 2250 1037 2295 ubi]
1075 2251 1136 2284 ‘so
1166 2249 1256 2291 oft’,
1293 2249 1362 2283 mit
1395 2247 1662 2284 Coniunctivus

913 2297 1110 2332 iterativus
1136 2297 1224 2343 (vgl.
1252 2296 1345 2340 Kap.
1366 2299 1398 2338 4,
1421 2297 1465 2340 2).

961 2346 1158 2389 restitaret]
1191 2343 1417 2378 Intensivum
1445 2355 1490 2376 zu
1516 2345 1663 2385 restare,

917 2392 1118 2435 ‘zaudern,
1144 2389 1441 2432 widerstreben’,
1467 2389 1563 2424 nach
1590 2389 1662 2423 deu

915 2439 1118 2474 Komikern
1146 2442 1266 2473 zuerst
1285 2449 1357 2472 von
1377 2435 1503 2471 Livius
1526 2435 1663 2471 wieder

914 2487 1123 2532 gebraucbt
1149 2487 1219 2531 (10,
1244 2489 1296 2527 19,
1319 2488 1354 2525 ὃς
1384 2488 1440 2526 30,
1461 2487 1518 2525 31,
1540 2485 1588 2525 8).

966 2538 1018 2568 15.
1046 2532 1260 2578 imperator]
1278 2530 1586 2572 ‘Oberf··ldherr',
1602 2529 1662 2564 ein

916 2581 1138 2623 Ehrentitel,
1153 2581 1320 2615 welchen
1336 2579 1394 2613 die
1406 2577 1574 2612 Konsuln
1586 2576 1663 2611 und

914 2627 1138 2663 Diktatoren
1170 2630 1244 2661 erst
1277 2626 1373 2661 nach
1406 2626 1527 2659 eiuem
1553 2623 1662 2668 Siege

914 2687 1000 2711 vom
1027 2675 1145 2709 Heere
1173 2673 1367 2709 erhielten.

961 2721 1152 2767 extemplo]
1164 2720 1373 2765 ‘sogleich’,
1383 2717 1578 2753 bestimmt
1587 2717 1664 2752 und

916 2768 1057 2804 erklart
1083 2769 1199 2802 durch
1227 2768 1432 2802 adveniens.

963 2815 1157 2861 miraculo]
1199 2814 1314 2849 durch
1348 2813 1403 2848 dis
1436 2811 1663 2848 Sonderbar-

915 2863 1011 2907 keit,
1039 2863 1106 2898 das
1134 2861 1383 2897 Auffallende.
1423 2859 1507 2905 vgl.
1526 2863 1556 2903 1,
1570 2863 1662 2903 59,3
