1794 3084
78 145 108 166 8.
133 139 184 166 ch.
203 147 224 165 n
251 139 313 165 830.
334 140 397 166 329.

578 128 723 164 LIBER
747 128 844 165 VIII.
889 128 989 166 CAP.
1017 133 1073 165 20.
1100 134 1156 166 21.
1589 133 1647 174 49

79 252 160 293 que
192 238 336 280 vivum
368 239 414 279 in
444 239 704 292 potestatem
742 238 930 292 venisse,
968 238 1058 293 alii,
1098 239 1350 295 priusquam
1388 240 1543 282 ultima
1576 241 1646 283 ad-

78 297 299 339 hiberetur
329 297 414 351 vis,
452 297 571 352 ipsos
611 311 654 338 se
694 297 739 338 in
777 297 988 339 dicionem
1027 298 1214 340 consulis
1256 299 1488 341 caduceum
1523 315 1645 355 prae-

78 356 266 398 ferentes
323 356 572 411 permisisse
632 358 827 397 auctores
886 359 1003 407 sunt,

1060 357 1391 413 Vitruviumque
1442 359 1496 400 ab
1555 360 1644 402 suis

78 415 299 457 traditum.
345 417 521 457 senatus
549 415 600 456 de
626 414 828 457 Vitruvio
855 414 1266 471 Privernatibusque
1293 418 1516 460 consultus
1544 433 1643 460 con·
1672 431 1691 463 7

77 474 214 516 sulem
246 474 465 516 Plautium
500 474 652 516 dirutis
679 474 876 515 Priverni
908 475 1041 516 muris
1070 476 1371 531 praesidioque
1399 477 1541 519 valido
1568 479 1644 520 im-

76 533 221 588 posito
255 533 307 575 ad
339 533 607 588 triumphum
640 534 838 588 accersit3
872 533 1120 576 Vitruvium
1152 535 1197 576 in
1230 549 1398 577 carcere
1425 536 1644 579 adservari

78 593 226 648 iussit,
266 593 407 647 quoad
439 593 589 634 consul
620 592 819 643 redisset,
857 596 950 634 tum
988 594 1261 635 verberatum
1300 595 1456 637 necari.

78 651 187 706 eius,
227 667 335 707 quae
369 655 512 694 essent
543 652 587 692 in
626 651 815 706 Palatio,
854 651 1100 706 diruendas,
1140 653 1253 694 bona
1287 652 1461 696 Semoni
1495 653 1643 712 Sango

77 714 339 753 censuerunt
370 711 678 766 consecranda3
711 711 906 765 quodque
938 712 1049 753 aeris
1077 726 1127 753 ex
1154 711 1214 753 eis
1240 712 1462 755 redactum
1489 718 1565 767 est,
1593 729 1645 757 ex

78 784 128 811 eo
161 771 282 811 aenei
315 771 441 813 orbes
480 769 585 812 faeti
616 770 748 824 positi
779 771 824 811 in
857 770 1015 812 sacello
1050 769 1220 826 Sangus
1254 771 1457 814 adversus
1496 774 1644 815 aedem

78 827 258 877 Quirini.
299 829 350 871 de
378 832 530 871 senatu
556 828 805 871 Privernate
831 829 894 870 ita
920 829 1150 884 decretum,
1176 832 1236 884 ut,
1263 831 1336 885 qui
1363 834 1536 873 senator
1555 832 1644 874 Pri·
1669 845 1690 876 9

77 888 200 930 verni
232 892 333 943 post
364 889 647 930 defectionem
681 888 734 930 ab
767 888 973 930 Romanis
1012 889 1264 945 mansisset,
1300 893 1419 932 trans
1452 891 1645 934 Tiberim

73 947 170 1002 lege
204 948 365 999 eadem,
398 963 484 1002 qua
519 947 744 1001 Veliterni,
776 947 1007 990 habitaret.

191 1006 271 1048 His
297 1007 359 1048 ita
386 1007 566 1049 decretis
599 1021 732 1062 usque
766 1007 819 1048 ad
849 1007 1116 1061 triumphum
1149 1008 1309 1050 Plautii
1343 1008 1563 1051 silentium
1590 1010 1642 1052 de
1672 1022 1715 1053 10

72 1064 398 1108 Privernatibus
430 1067 529 1120 fuit3
560 1069 661 1120 post
693 1066 962 1121 triumphum
990 1067 1140 1108 consul
1164 1069 1318 1109 necato
1346 1067 1548 1111 Vitruvio
1576 1083 1642 1111 so-

72 1125 234 1180 ciisque
261 1126 352 1167 eius
380 1140 518 1167 noxae
539 1125 652 1180 apud
674 1125 855 1167 satiatos
877 1126 964 1167 iam
986 1126 1207 1180 suppliciis
1227 1127 1476 1169 nocentium
1503 1130 1644 1170 tutam

72 1184 336 1226 mentionem
353 1185 402 1226 de
417 1185 740 1226 Privernatibus
760 1187 881 1226 ratus
897 1184 1130 1234 ‘Quoniam
1151 1188 1348 1228 auctores
1369 1186 1638 1229 defectionis’
1670 1200 1710 1230 11

71 1243 215 1299 inquit
235 1242 427 1286 ‘meritas
449 1259 608 1298 poenas
637 1246 679 1285 et
705 1244 758 1285 ab
780 1244 845 1285 dis
872 1244 1190 1287 immortalibus
1212 1248 1255 1286 et
1275 1260 1300 1287 a
1318 1246 1444 1287 vobis
1466 1246 1642 1302 habent,

71 1305 218 1357 patres
261 1303 515 1358 conscripti,
560 1303 662 1358 quid
706 1304 849 1357 placet
893 1303 944 1344 de
983 1303 1160 1345 innoxia
1201 1305 1476 1346 multitudine
1515 1305 1639 1347 fieri?

72 1362 282 1416 equidem,
310 1363 390 1405 etsi
423 1377 543 1404 meae
576 1365 720 1417 partes
754 1362 1041 1417 exquirendae
1068 1363 1208 1418 magis
1241 1365 1479 1406 sententiae
1512 1380 1640 1420 quam
1672 1377 1713 1407 12

71 1421 235 1463 dandae
268 1425 388 1477 sunt,
425 1425 591 1477 tamen,
629 1436 726 1463 eum
763 1422 931 1463 videam
969 1422 1243 1465 Privernates
1277 1423 1441 1465 vicinos
1475 1423 1641 1466 Samni-

70 1480 186 1522 tibus
220 1495 325 1534 esse,
357 1481 469 1522 unde
501 1495 614 1523 nunc
646 1481 772 1522 nobis
804 1481 1096 1523 incertissima
1128 1497 1211 1536 pax
1245 1485 1322 1536 est,
1355 1497 1484 1536 quam
1517 1483 1641 1525 mini-

71 1554 189 1581 mum
221 1540 383 1582 irarum
417 1540 529 1582 inter
555 1555 635 1582 nos
667 1540 851 1595 illosque
884 1541 1070 1595 relinqui
1103 1539 1260 1582 velim'.

191 1597 301 1641 Cum
332 1601 427 1654 ipsa
457 1614 534 1654 per
566 1614 658 1641 sese
697 1614 765 1641 res
807 1613 963 1653 anceps
1004 1602 1135 1654 esset,
1173 1602 1302 1654 prout
1341 1600 1544 1655 cuiusque
1577 1601 1711 1644 in-2l

120 1753 151 1786 6.
178 1750 220 1784 in
240 1749 469 1796 potestatem]
504 1761 551 1785 sc.
568 1749 819 1785 Romanorum

72 1796 161 1843 (vgl.
189 1796 282 1842 Kap.
310 1800 367 1840 25,
387 1798 442 1842 4),
481 1809 521 1832 er
553 1798 606 1831 sei
631 1797 818 1843 gefangen

71 1855 295 1890 genommen
322 1844 485 1880 worden.

118 1892 332 1938 caduceum]
358 1891 465 1927 einen
487 1890 726 1936 Heroldstab,
753 1903 820 1927 aus

72 1939 292 1975 Oliveuholz
319 1939 389 1974 mit
421 1938 566 1974 weisser
593 1938 722 1984 Binde‚
759 1939 820 1975 ein

69 1987 229 2022 Zeichen
256 1986 472 2022 fricdlicher
497 1986 703 2021 Botsehaft.

113 2040 375 2086 praeferentes]
406 2039 699 2084 voraustragend
726 2040 814 2085 (vgl.

71 2087 136 2134 37,
156 2091 213 2130 46,
235 2091 284 2132 3),
306 2105 350 2116 =
366 2098 459 2132 prae
484 2098 519 2122 se
543 2088 705 2130 ferentes.

112 2144 143 2176 7.
160 2141 330 2187 accersit]
357 2140 399 2174 In
414 2140 577 2176 seltener
585 2139 711 2175 Weise
726 2140 819 2175 wird

70 2187 155 2223 dem
223 2188 482 2233 plebejischen
551 2187 693 2222 Konsul
762 2188 821 2223 ein

70 2234 253 2280 Triumph
285 2236 511 2281 angeboten‚
552 2235 621 2269 ehe
655 2245 694 2269 er
724 2236 822 2270 noch

74 2282 145 2317 den
172 2282 289 2318 Senat
315 2283 448 2318 darum
475 2283 626 2318 ersucht
651 2283 728 2317 hat.

116 2336 345 2371 verberatum
356 2336 497 2382 necari]
512 2335 598 2381 Vgl.
615 2336 707 2381 Kap.
720 2340 751 2379 7,
765 2340 818 2372 19.

117 2393 149 2424 8.
176 2389 317 2435 Sanyo]
334 2389 438 2424 Semo
453 2389 601 2434 Sanqus
628 2390 818 2433 (gewohn-

70 2435 146 2471 lich
167 2436 324 2480 Sancus,
347 2437 442 2471 auch
458 2437 618 2472 Sanctus
637 2439 818 2482 genannt)

69 2495 148 2518 war
180 2484 239 2518 ein
272 2483 504 2519 namentlich
539 2495 612 2519 von
648 2485 719 2518 den
754 2484 817 2518 Sa-

68 2530 202 2565 binern
260 2531 335 2565 und
388 2531 568 2566 Umbrern
627 2530 818 2566 verehrtcr

72 2577 213 2614 Genius
233 2578 300 2613 der
315 2578 446 2620 Treue‚
467 2578 629 2613 welcher
649 2579 717 2613 mit
732 2579 818 2613 dem

71 2624 296 2661 latinischen
310 2626 410 2661 Dias
424 2625 563 2660 Fidius
577 2625 818 2661 identifiziert

69 2672 206 2708 wurde.
230 2673 346 2709 Unter
357 2673 462 2708 Titus
471 2672 599 2707 Tatius
609 2673 682 2707 und
694 2673 818 2708 Numa

69 2719 297 2755 verbreitete
343 2720 421 2755 sich
460 2719 560 2755 seine
596 2719 818 2766 Verehrung

70 2767 167 2802 nach
193 2767 306 2812 Rom,
340 2779 397 2803 wo
430 2768 507 2802 ihm
541 2768 655 2803 sehon
681 2767 720 2802 in
752 2767 818 2804 der

5 2839 8 2843 .
71 2813 291 2859 Konigszeit
349 2815 414 2851 auf
469 2816 553 2850 dem
611 2815 816 2850 nordwest-

71 2860 304 2897 lichenTeile
330 2862 396 2898 des
432 2861 618 2904 Quirinals
644 2862 726 2907 (bei
752 2863 817 2898 der

69 2906 184 2943 Porta
221 2908 418 2955 Sanqualis
465 2909 554 2945 oder
597 2910 730 2945 Piazza
777 2909 817 2945 di

137 2972 202 2998 Liv.
222 2974 256 2999 B.
273 2975 298 3001 8.

894 1750 1023 1831 Monge
1049 1749 1219 1795 Cavallo)
1247 1750 1307 1786 ein
1327 1751 1481 1798 Tempel
1501 1753 1642 1798 gebaut

893 1809 971 1832 wur
1001 1809 1031 1832 e.

942 1844 1105 1890 Sangus]
1138 1844 1250 1880 Diese
1283 1844 1395 1881 Form
1433 1846 1498 1881 des
1525 1847 1643 1882 Gene-

893 1892 968 1927 tivs
993 1892 1111 1926 findet
1136 1892 1216 1927 sich
1245 1894 1339 1928 auch
1366 1893 1429 1938 32,
1449 1900 1479 1938 1,
1497 1898 1539 1929 10
1566 1894 1642 1929 und

893 1938 954 1973 bei
964 1939 1049 1974 dem
1060 1938 1336 1976 Grammatiker
1344 1940 1476 1976 Festus
1485 1943 1534 1986 (p.
1546 1944 1641 1983 241).

943 1987 1133 2033 adversus]
1173 1988 1326 2031 orthon,
1368 1988 1641 2033 ‘gegenfiber’.

945 2038 976 2068 9.
1004 2038 1109 2069 trans
1144 2034 1301 2070 Tiberim
1330 2063 1337 2070 .
1367 2065 1374 2071 .
1402 2064 1409 2071 .
1443 2036 1641 2083 habitaret]

897 2081 981 2127 Vgl.
1008 2081 1100 2127 Kap.
1130 2086 1185 2125 14,
1206 2087 1237 2118 6.

944 2139 998 2170 10.
1037 2136 1277 2182 triumphum]
1324 2136 1435 2172 Beide
1475 2135 1643 2171 Konsuln

894 2182 1181 2228 triumphierten
1196 2195 1256 2219 am
1274 2188 1303 2219 1.
1316 2183 1439 2227 Maru
1459 2183 1498 2219 L.
1512 2182 1641 2219 Aemi-

893 2230 965 2264 lius
987 2229 1121 2265 erhielt
1139 2231 1209 2266 den
1226 2231 1424 2266 Beinamen
1441 2231 1642 2268 Privernas

895 2277 1006 2321 (nach
1031 2278 1103 2312 den
1131 2278 1502 2324 Triumphalfasten).

940 2325 1073 2371 ‘no-rae]
1103 2325 1187 2370 Vgl.
1218 2325 1311 2371 Kap.
1340 2330 1396 2370 18,
1417 2331 1448 2361 4.

895 2373 1044 2454 ‹122⁰ssss
1047 2374 1362 2467 jZ‘Z{{“1}{'{r3?<}'1²}t
1372 2377 1571 2456 ΒΞεῑῗ-ἐίῗιῖΐ
1574 2385 1641 2456 2:32²

945 2477 997 2507 11.
1024 2485 1121 2509 meae
1142 2478 1266 2518 partes
1287 2503 1294 2509 .
1317 2503 1324 2510 .
1347 2502 1354 2509 .
1375 2475 1477 2520 sant]
1501 2485 1530 2509 e.
1547 2473 1637 2509 Gen.

892 2519 1105 2564 Gerundivi‚
1134 2521 1276 2557 ‘meine
1295 2521 1468 2566 Aufgabe
1489 2521 1640 2556 besteht

891 2567 1008 2611 darin,
1035 2569 1136 2603 mein
1161 2571 1251 2604 Amt
1277 2568 1446 2614 gebietet
1472 2568 1578 2603 mir'.

938 2620 1003 2656 21.
1027 2625 1056 2656 1.
1084 2632 1165 2657 cam
1185 2650 1192 2657 .
1215 2651 1222 2658 .
1246 2649 1253 2657 .
1273 2622 1367 2668 tum]
1396 2620 1539 2657 sowohl
1569 2648 1575 2654 .
1598 2648 1605 2656 .
1628 2649 1636 2656 .

892 2667 946 2703 als
986 2667 1098 2712 auch,
1149 2670 1220 2704 mit
1262 2668 1372 2713 Konj.
1423 2669 1474 2703 im
1513 2669 1637 2703 ersten

891 2715 984 2758 Ten,
1011 2716 1081 2750 wie
1108 2715 1290 2751 zuweilen
1315 2716 1376 2751 bei
1404 2715 1541 2752 Cicero.

938 2769 1087 2815 anceps]
1133 2769 1352 2814 schwierig,
1398 2767 1636 2812 zweifelhaft,

891 2827 931 2851 so
959 2816 1039 2851 dass
1065 2827 1151 2851 man
1178 2817 1255 2852 sich
1277 2817 1418 2851 schwer
1438 2815 1504 2850 auf
1528 2815 1638 2850 einen

890 2863 1106 2898 Entschluss
1132 2863 1283 2908 einigen
1310 2863 1462 2905 kounte,
1496 2862 1638 2898 erklart

890 2910 1006 2946 durch
1027 2913 1142 2955 prout
1168 2939 1174 2946 .
1204 2938 1211 2946 .
1239 2939 1246 2946 .
1273 2911 1521 2946 suadentibus.

1331 2973 1352 3004 4

1519 596 1644 639 aedes
1670 608 1692 640 8
