1794 3084
109 139 134 159 a.
155 132 206 158 eh.
226 139 254 157 n.
274 132 335 158 380.
641 122 786 158 LIBER
812 122 909 158 VIlI.
954 123 1055 159 CAP.
1085 127 1140 160 19.

1619 124 1674 165 47

112 231 281 274 animus
315 233 554 286 suppetere.
599 232 670 273 vix
702 234 797 273 tota
830 235 950 274 extra
981 235 1153 288 portam
1186 234 1426 274 castrorum
1461 231 1672 286 explicata

111 291 215 344 acie,
247 290 395 346 fugam
429 292 569 345 magis
602 294 718 333 retro
746 306 875 346 quam
903 292 1114 346 proelium
1144 295 1218 333 aut
1249 291 1420 333 hostem
1455 294 1677 346 spectante

112 349 263 403 milite,
289 351 380 391 sine
407 350 601 403 consilio,
629 351 718 392 sine
746 350 926 392 audacia
953 351 1184 407 depugnat.
1222 354 1270 392 ut
1290 353 1332 391 et
1352 351 1432 392 levi
1459 354 1678 393 momento

110 423 190 451 nec
216 409 418 464 ambigue
445 411 512 450 est
538 410 688 463 victus,
720 410 783 452 ita
809 411 1020 452 brevitate
1047 411 1142 465 ipsa
1167 410 1251 452 loci
1278 409 1476 464 facilique
1503 414 1680 464 receptu

116 468 160 510 in
192 470 283 510 tam
321 468 568 524 propinqua
607 472 748 510 castra
786 469 902 511 haud
935 483 1063 525 aegre
1103 469 1284 511 militem
1320 484 1344 511 a
1377 469 1515 511 multa
1552 469 1679 511 caede

111 530 179 570 est
215 530 404 583 tutatus3
448 542 527 569 nec
565 527 652 569 fere
692 529 919 583 quisquam
959 529 1001 569 in
1042 529 1137 583 ipso
1177 529 1429 583 certamine,
1472 529 1596 583 pauci
1635 529 1678 570 in

114 586 243 628 turba
275 586 404 642 fugae
437 589 665 640 extremae,
698 602 792 629 eum
820 587 866 628 in
892 592 1034 630 castra
1062 591 1244 641 ruerent,
1277 588 1408 642 caesi3
1441 588 1678 643 primisque

112 646 302 688 tenebris
348 645 600 687 Privernum
643 646 741 687 inde
780 648 963 702 petitum
1005 647 1177 702 agmine
1221 647 1408 701 trepido,
1454 651 1501 688 ut
1544 647 1678 689 muris

111 705 256 760 potius
290 719 419 760 quam
452 705 566 747 vallo
599 720 690 747 sese
723 708 980 748 tutarentur.
1038 721 1062 747 a
1096 706 1300 747 Priverno
1340 705 1536 748 Plautius
1569 707 1679 748 alter

113 764 264 807 consul
303 765 564 818 pervastatis
608 765 770 819 passim
813 766 928 821 agris
967 765 1210 820 praedaque
1250 765 1406 807 abacta
1444 766 1486 807 in
1527 780 1677 821 agrum

112 823 369 866 Fundanum
402 824 634 865 exereitum
667 824 844 866 inducit,

232 881 502 938 Ingredienti
537 883 644 924 fines
678 886 852 926 senatus
879 883 1184 925 Fundanorum
1212 885 1416 938 occurrit3
1449 887 1611 939 negant
1637 898 1679 926 se

113 956 190 997 pro
223 940 424 984 Vitruvio
459 945 706 998 sectamque
739 943 828 985 eius
857 944 1012 985 secutis
1040 947 1258 998 precatum
1285 944 1463 997 venisse,
1497 944 1568 985 sed
1601 958 1678 998 pro

110 1000 321 1044 Fundano
355 1002 530 1056 populo,
564 1017 689 1056 quem
729 1005 850 1044 extra
887 1003 1057 1057 culpam
1091 1003 1193 1044 belli
1226 1018 1318 1045 esse
1356 1003 1498 1057 ipsum
1531 1002 1678 1044 Vitru-

112 1060 228 1102 vium
263 1060 493 1114 iudicasse,
532 1076 628 1102 cum
666 1062 984 1116 receptaculum
1026 1061 1152 1118 fugae
1185 1062 1436 1104 Privernum
1470 1062 1680 1115 habuerit,

116 1133 203 1161 non
237 1120 423 1174 patriam
455 1119 641 1163 Fundos.
704 1120 896 1163 Priverni
940 1122 1073 1176 igitur
1114 1122 1261 1163 hostes
1306 1122 1455 1176 populi
1494 1121 1679 1164 Romani

114 1179 383 1234 quaerendos
421 1181 823 1235 persequendosque
864 1195 974 1234 esse,
1019 1182 1093 1235 qui
1138 1181 1266 1223 simul
1305 1196 1329 1223 a
1370 1181 1589 1222 Fundanis
1632 1196 1679 1224 ac

112 1237 342 1293 Romanis,
379 1240 602 1294 utriusque
637 1241 804 1295 patriae
835 1240 1128 1294 immemores,
1170 1240 1420 1294 defecerint,
1459 1240 1678 1282 Fundanis

111 1312 263 1352 pacem
291 1312 384 1340 esse
411 1301 454 1339 et
482 1300 651 1340 animos
677 1299 898 1341 Romanos
926 1302 968 1340 et
995 1302 1164 1354 gratam
1191 1300 1446 1341 memoriam
1480 1303 1680 1355 acceptae

110 1357 312 1398 civitatis.
345 1371 468 1398 orare
502 1373 546 1400 se
580 1360 809 1411 consulem,
842 1361 890 1400 ut
921 1359 1080 1400 bellum
1108 1359 1161 1400 ab
1189 1359 1365 1400 innoxio
1392 1359 1551 1413 populo
1586 1359 1679 1401 abs-

105 1416 262 1470 tineat3
301 1430 449 1472 agrOS,
486 1418 655 1472 urbem,
693 1432 874 1472 corpora
906 1418 1097 1472 ipsorum
1131 1419 1447 1473 coniugumque
1487 1433 1536 1460 ac
1574 1418 1677 1460 libe-

104 1490 252 1517 rorum
273 1476 516 1518 suorum.in
551 1479 767 1531 potestate
794 1478 944 1532 populi
971 1477 1156 1519 Romani
1183 1492 1276 1519 esse
1302 1477 1543 1532 futuraque.
1592 1477 1674 1519 col-

104 1534 291 1576 laudatis
324 1534 542 1578 Fundanis
577 1537 726 1578 consul
759 1537 999 1591 litterisque
1032 1536 1215 1578 Romam
1247 1536 1409 1590 missis,
1455 1538 1499 1578 in
1533 1536 1675 1578 officio

105 1593 338 1636 Fundanos
372 1609 475 1647 esse,
509 1595 562 1636 ad
593 1594 845 1637 Privernum
877 1595 997 1637 flexit
1028 1596 1120 1636 iter.

226 1653 350 1695 Prius
372 1655 718 1696 animadversum
738 1655 783 1696 in
804 1669 889 1708 eos,
910 1656 981 1709 qui
1003 1654 1146 1709 capita
1161 1654 1470 1696 coniurationis
1491 1654 1674 1709 fuerant,

108 1727 134 1754 a
166 1713 343 1754 consule
377 1713 526 1755 scribit
557 1712 778 1769 Claudius3
813 1714 865 1755 ad
898 1717 1116 1756 trecentos
1149 1714 1467 1769 quinquaginta
1499 1728 1550 1755 ex
1582 1729 1678 1756 con-

154 1863 335 1909 constare]
370 1863 438 1898 Inf.
471 1863 577 1909 hist„
613 1864 854 1910 ‘feststehem

106 1910 324 1947 vorhanden
351 1911 466 1946 sein'.

158 1963 187 1994 7.
216 1957 328 2004 retro]
355 1971 399 1993 zu
415 1958 617 1994 verbinden
632 1958 703 1994 mit
716 1960 855 2004 fuyam.

156 2007 235 2041 sine
260 2006 429 2052 consilio]
452 2023 496 2034 =
516 2007 594 2042 sine
616 2017 711 2042 sana
731 2011 854 2051 mente,

108 2053 205 2088 nach
234 2056 252 2095 ξ
281 2058 314 2088 6.
365 2052 513 2088 Ebenso
547 2054 754 2098 entspricht
778 2055 857 2090 sine

110 2101 271 2136 audacia
298 2100 381 2136 dem
408 2102 564 2136 zweiten
585 2100 667 2136 Teil
694 2112 764 2136 von
786 2105 804 2143 ξ
823 2106 854 2137 6.

158 2151 190 2183 8.
222 2149 292 2183 levi
334 2148 525 2195 momento]
570 2149 641 2184 mit
684 2149 857 2194 geringer

109 2195 223 2230 Mfihe
250 2195 330 2240 (21,
351 2200 408 2239 43,
433 2198 501 2240 11).

159 2247 191 2278 9.
230 2244 341 2288 fassae
375 2244 568 2289 extremae]
615 2243 681 2278 der
718 2244 856 2278 letzten

111 2291 177 2325 auf
195 2289 260 2325 der
279 2290 426 2333 Flucht,
453 2291 516 2326 des
536 2291 770 2326 Nachtrabes
791 2291 857 2325 der

109 2337 350 2372 Flichenden.
413 2338 520 2373 Auch
559 2338 607 2372 23
651 2342 713 2382 25,
736 2341 754 2372 7
794 2337 855 2373 be-

109 2385 281 2420 zeichnet
305 2385 397 2430 fuya
423 2385 482 2420 die
510 2385 613 2421 Gefio
645 2395 746 2420 enen.

156 2432 349 2478 Plautius]
383 2431 434 2466 Er
459 2443 535 2467 war
561 2433 660 2467 wohl
686 2432 855 2477 zugleich

109 2478 181 2514 mit
230 2480 401 2524 Papirius
457 2491 530 2514 von
578 2479 672 2514 Rom
729 2479 854 2524 ausge-

109 2526 284 2570 brochen,
305 2527 394 2562 aber
414 2527 538 2562 direkt
558 2538 624 2562 vor
638 2527 856 2562 Privernum

109 2585 288 2619 gezogen,
315 2574 446 2609 dessen
467 2574 702 2619 Bela-gerung
722 2585 761 2609 er
780 2587 856 2609 nun

110 2620 248 2656 seinem
277 2621 460 2666 Kollegen
486 2620 674 2657 iiberliess.

160 2672 214 2704 10.
241 2669 476 2715 inyredz'enti]
511 2680 559 2704 sc.
593 2669 634 2704 ei.
693 2669 751 2703 An
790 2668 856 2704 der

112 2714 236 2760 Spitze
257 2717 318 2751 des
334 2717 461 2752 Satzes
482 2715 597 2751 fallen
619 2715 679 2750 die
698 2716 855 2751 Formen

111 2763 175 2797 des
220 2764 447 2799 Pronomens
492 2765 523 2799 is
570 2763 690 2799 neben
735 2763 855 2799 einem

109 2810 274 2878 {artieip
312 2811 351 2846 in
390 2811 455 2846 der
492 2810 611 2856 Rege-l
656 2822 720 2845 aus
765 2811 854 2856 (vgl.

110 2857 157 2892 ..1
195 2861 252 2901 50,
274 2863 319 2894 7.

157 2861 308 2951 s'ectamJ>
318 2905 496 2951 Anhang,
507 2905 632 2941 Partei
647 2905 726 2952 (29,
741 2909 798 2950 27,
807 2907 854 2951 2).

974 1865 1156 1910 patriam]
1189 1864 1444 1909 pleonastisch
1477 1867 1677 1911 zugesetzt,

931 1912 1015 1946 weil
1048 1923 1086 1947 es
1120 1913 1192 1947 den
1225 1912 1352 1947 Grund
1389 1912 1546 1956 enthalt,
1587 1925 1677 1948 wes-

929 1970 1058 2004 wegen
1091 1970 1164 1994 von
1191 1960 1381 1995 Vitruvius
1418 1971 1461 1994 zu
1493 1966 1677 1996 erwarten

929 2018 1015 2048 war,
1057 2007 1137 2041 dass
1177 2018 1217 2042 er
1253 2009 1349 2042 nach
1381 2006 1503 2042 Fundi
1541 2007 1678 2043 fliehen

929 2054 1066 2088 warde.

980 2106 1034 2135 11.
1056 2102 1246 2146 utriusque
1260 2102 1426 2148 patriae]
1447 2101 1573 2137 Dutch
1585 2102 1676 2138 Ver-

930 2148 1087 2194 ]eihung
1137 2148 1201 2183 des
1258 2149 1469 2184 romischen
1522 2151 1676 2195 Bi'irger-

929 2197 1075 2231 rechtes
1113 2197 1221 2241 gKap.
1260 2200 1319 2240 14,
1350 2201 1407 2242 10)
1446 2198 1578 2232 hatten
1616 2198 1676 2233 die

930 2243 1127 2278 Fundaner
1140 2244 1175 2278 in
1192 2244 1286 2279 Rom
1303 2243 1383 2279 eine
1398 2244 1527 2280 zweite
1542 2245 1675 2280 Vater-

930 2291 1030 2325 stadt
1062 2290 1249 2335 crhalten,
1282 2293 1352 2327 wie
1386 2293 1522 2337 gerade
1551 2293 1675 2328 Vitru-

929 2339 1011 2373 vius
1023 2338 1059 2372 in
1071 2339 1162 2373 Rom
1175 2338 1235 2373 ein
1245 2339 1345 2373 Haus
1355 2340 1545 2375 erworben
1557 2340 1673 2376 hatte.

980 2389 1033 2420 12.
1061 2386 1230 2432 corpora]
1258 2386 1394 2430 Leben,
1422 2387 1617 2422 Personen.

980 2437 1031 2467 13.
1053 2435 1155 2477 flexit
1174 2434 1256 2480 iter]
1280 2434 1339 2469 bei
1359 2433 1485 2468 Livius
1507 2435 1675 2469 [iblicher

929 2479 1009 2526 (22,
1033 2484 1088 2523 18,
1110 2484 1146 2524 73
1173 2480 1235 2527 23,
1258 2486 1290 2525 2,
1315 2486 1350 2524 13
1378 2481 1441 2528 25,
1464 2484 1594 2526 22,14)
1618 2482 1673 2516 als

928 2529 1034 2563 vertit
1058 2529 1138 2563 iter.

976 2576 1101 2619 capita
1143 2576 1432 2621 coniurationis]
1478 2574 1536 2610 eiu
1582 2575 1673 2609 Aus-

929 2622 1045 2657 druck
1074 2622 1138 2657 des
1165 2622 1353 2667 Claudius,
1391 2625 1484 2658 statt
1510 2626 1674 2658 auctores

929 2670 1148 2712 defectionis.

981 2716 1175 2763 Claudius]
1221 2715 1262 2759 Q.
1300 2717 1476 2753 Claudius
1519 2716 1673 2759 Quadri-

930 2764 1055 2809 garius
1081 2764 1226 2799 schrieb
1259 2776 1320 2799 um
1348 2769 1393 2800 80
1419 2776 1451 2798 v.
1480 2763 1564 2798 Chr.
1591 2765 1673 2799 cine

929 2812 1113 2847 romische
1149 2810 1372 2847 Geschichte
1411 2823 1495 2846 vom
1533 2810 1674 2846 Eius-‘211

929 2858 995 2893 der
1040 2858 1180 2894 Gallier
1229 2860 1286 2894 bis
1331 2858 1398 2894 auf
1445 2858 1546 2893 seine
1592 2857 1674 2893 Zeit

930 2905 1671 2951 (Annalen,inmindestensa3michem).

1704 244 1722 274 7

1707 361 1727 392 8

1705 539 1726 569 9

1710 895 1752 925 10

1708 1131 1750 1161 11

1709 1369 1749 1399 12

1706 1487 1747 1518 13

1705 1665 1746 1696 14
