1794 3084
71 621 112 651 10

71 914 109 944 11

70 1089 110 1120 12

99 1373 125 1415 6

141 91 195 132 10
643 89 783 124 LlBER
810 89 853 125 v,
898 88 1000 123 CAP.
1028 93 1060 123 5.
1087 93 1117 124 o.

1491 106 1517 124 a.
1539 106 1566 124 u.
1587 105 1610 123 c.
1631 98 1691 124 351.

138 198 279 239 brevis
312 198 424 238 enim
457 197 650 251 profecto
684 211 749 237 res
782 199 859 250 est,
892 197 927 236 si
954 210 1037 237 uno
1064 198 1214 237 tenore
1246 196 1468 250 peragitur
1499 210 1578 238 nec
1609 195 1693 250 ipsi

139 271 214 310 per
245 257 589 297 intermissiones
620 255 698 296 has
730 255 1041 309 intervallaque
1080 254 1306 295 lentiorem
1346 269 1463 308 spem
1495 257 1692 297 nostram

139 315 332 356 facimus.
390 315 542 368 loquor
574 314 624 354 de
658 327 784 368 opere
818 316 859 354 et
891 314 941 354 de
973 314 1178 367 temporis
1205 312 1389 366 iactura,
1420 313 1549 367 quid?
1581 313 1693 367 peri-

140 374 234 427 culi,
267 373 378 427 quod
407 372 637 413 differendo
668 373 781 413 bello
809 371 986 425 adimus,
1017 386 1119 413 num
1147 371 1344 413 oblivisci
1368 385 1447 412 nos
1473 371 1578 413 haee
1603 374 1694 413 tam

139 433 287 474 crebra
312 431 511 472 Etruriae
543 431 723 472 concilia
749 431 799 471 de
832 431 1055 472 mittendis
1080 429 1212 471 Veios
1240 429 1409 471 auxiliis
1440 429 1692 483 patiuntur?

140 494 186 532 ut
224 505 335 531 nunc
367 504 433 530 res
475 503 519 530 se
556 490 705 543 habet,
743 489 841 530 irati
881 492 998 543 sunt,
1037 489 1234 541 oderunt,
1271 490 1433 542 negant
1471 489 1694 542 missuros3

139 553 345 604 quantum
379 548 422 588 in
454 548 542 589 illis
576 552 657 602 est,
696 563 846 602 capere
878 548 1010 590 Veios
1049 548 1159 589 licet.
1211 547 1304 602 quis
1338 549 1420 601 est,
1458 547 1530 601 qui
1569 561 1694 601 spon-

141 608 238 648 deat
271 607 468 660 eundem,
507 607 542 648 si
581 607 773 648 differtur
804 607 984 661 bellum,
1024 606 1212 647 animum
1249 608 1401 660 postea
1437 604 1547 658 fore,
1585 619 1695 659 cum,

141 666 176 707 si
207 666 498 707 laxamentum
527 666 705 718 dederis,
737 666 876 707 maior
906 665 1256 720 frequentiorque
1288 665 1450 719 legatio
1482 664 1596 705 itura
1618 664 1695 717 sit,

140 739 232 765 cum
264 724 318 778 id,
352 724 463 777 quod
495 739 607 766 nunc
640 725 816 766 offendit
841 724 1060 778 Etruscos,
1091 739 1163 764 rex
1196 726 1363 765 creatus
1389 722 1504 777 Veis,
1536 722 1696 764 mutari

140 783 278 836 spatio
319 783 573 836 interposito
613 783 751 837 possit
789 784 855 824 vel
888 797 1097 824 consensu
1129 782 1334 836 civitatis,
1374 784 1423 823 ut
1463 796 1511 823 eo
1549 795 1694 823 recon-

139 842 284 882 cilient
314 841 515 882 Etruriae
548 843 726 895 animos,
758 842 825 883 vel
854 842 987 895 ipsius
1013 841 1235 882 voluntate
1261 840 1386 894 regis,
1418 840 1489 894 qui
1522 840 1695 881 obstare

139 914 317 955 regnum
351 915 474 941 suum
507 901 636 941 saluti
669 901 826 942 civium
858 900 998 941 nolit?
1048 900 1205 953 videte,
1240 901 1345 953 quot
1375 913 1442 940 res
1475 913 1604 953 quam
1635 898 1696 939 in-

139 959 266 1000 utiles
313 961 547 1013 sequantur
589 959 709 1000 illam
753 959 868 1000 viam
910 958 1093 1000 consilii:
1144 958 1310 999 iactura
1354 971 1530 1011 operum
1572 960 1694 999 tanto

138 1018 286 1059 labore
318 1017 550 1071 factorum,
589 1017 775 1060 vastatio
814 1017 1045 1058 imminens
1082 1016 1231 1057 finium
1268 1018 1530 1069 nostrorum,
1567 1015 1695 1057 Etru-

139 1091 257 1118 scum
290 1076 452 1117 bellum
478 1091 554 1130 pro
582 1076 761 1118 Veiente
789 1076 1060 1118 concitatum.
1110 1075 1216 1116 haec
1249 1078 1360 1128 sunt,
1390 1075 1567 1129 tribuni,
1598 1089 1696 1117 con-

141 1135 238 1177 silia
270 1137 424 1190 vestra,
455 1150 545 1177 non
571 1135 744 1176 hercule
771 1135 997 1176 dissimilia
1029 1149 1077 1176 ac
1104 1135 1139 1175 si
1165 1133 1258 1188 quis
1286 1146 1427 1187 aegro,
1457 1134 1530 1188 qui
1556 1132 1698 1174 curari

140 1209 184 1235 se
228 1193 396 1235 fortiter
439 1209 591 1249 passus
637 1194 848 1248 extemplo
891 1193 1185 1235 convalescere
1230 1192 1385 1246 possit,
1429 1192 1513 1233 cibi
1557 1191 1700 1247 gratia

140 1254 378 1307 praesentis
424 1257 498 1294 aut
541 1253 727 1307 potionis
774 1252 1056 1306 longinquum
1101 1254 1144 1292 et
1186 1251 1370 1292 forsitan
1414 1251 1698 1292 insanabilem

140 1312 339 1353 morbum
372 1312 541 1353 efficiat.

259 1369 321 1423 Si,
367 1386 434 1412 me
473 1371 566 1412 dius
606 1370 750 1425 fidius,
797 1370 849 1411 ad
888 1370 969 1412 hoc
1006 1370 1166 1411 bellum
1205 1369 1312 1410 nihil
1350 1368 1602 1423 pertineret,
1642 1367 1694 1409 ad

142 1429 417 1484 disciplinam
444 1432 556 1471 certe
576 1429 753 1471 militiae
774 1429 1005 1483 plurimum
1027 1429 1233 1469 intererat
1253 1428 1492 1469 insuescere
1513 1427 1696 1468 militem

957 1555 1046 1590 oder
1084 1555 1199 1589 durch
1241 1554 1387 1589 ‘hochst
1423 1554 1693 1589 verderbliche'

188 1557 301 1603 enim]
326 1557 399 1592 Der
414 1556 499 1591 Satz
519 1555 690 1591 bestiarkt
710 1556 780 1591 den
800 1567 883 1591 vor·

141 1604 403 1649 hergehenden
425 1603 639 1645 Gedanken‚
665 1603 729 1638 der
749 1603 888 1648 Kampf

140 1653 225 1695 (res)
259 1651 381 1685 konne
407 1650 495 1684 bald
521 1650 700 1696 beendigt
725 1651 882 1685 werden.

188 1698 268 1743 nec]
297 1715 340 1726 =
366 1701 397 1732 et
423 1699 484 1741 (si)
510 1709 593 1732 non.

190 1746 373 1780 lentiorem
398 1745 487 1789 fac]
514 1743 834 1779 hinausschieben.

189 1796 220 1827 8.
248 1793 373 1836 loquor
394 1792 479 1837 ete]
510 1791 884 1836 Zusammenfassung

143 1838 207 1873 der
226 1839 553 1882 vorhergehenden
570 1838 781 1881 Gedanken,
802 1838 883 1874 dass

142 1886 203 1920 bei
228 1885 329 1921 einer
352 1885 660 1929 Unterbrechung
686 1886 751 1919 der
775 1885 882 1920 Bela-

142 1944 286 1978 gerung
312 1933 371 1968 die
399 1932 663 1967 Schanzarbeit
689 1935 794 1978 (opus
820 1936 838 1973 ἓ
862 1936 882 1967 5

142 1992 177 2014 u.
205 1982 240 2023 6)
272 1991 344 2014 von
375 1990 489 2014 vorne
515 1979 711 2023 begonnen
737 1980 884 2014 werden

142 2027 278 2061 mfifste
292 2028 366 2061 und
382 2026 447 2060 der
464 2026 577 2070 Krieg
596 2026 726 2070 langer
745 2026 884 2061 dauern

143 2074 279 2116 wsirde,
306 2085 368 2108 um
396 2073 448 2107 sie
470 2085 512 2107 zu
532 2072 748 2107 fiberbieten
768 2073 884 2107 durch

143 2120 203 2156 die
217 2120 346 2164 Frage,
364 2121 409 2155 ob
424 2119 530 2154 nicht
544 2120 603 2154 die
618 2119 754 2154 Gefahr
768 2120 883 2154 durch

144 2167 224 2202 eine
249 2167 449 2211 Erhebung
475 2177 568 2211 ganz
588 2167 778 2201 Etruriens
803 2177 885 2201 ver-

144 2214 303 2260 grossert
328 2214 465 2249 wiirde.

190 2262 291 2307 haee]
331 2278 374 2291 =
414 2261 553 2296 welche
585 2261 679 2305 J'etzt
709 2260 885 2305 gehalten

145 2309 290 2343 werden
317 2309 424 2352 (Kap.
448 2313 478 2351 1,
505 2310 552 2352 8).

194 2359 246 2390 10.
286 2357 403 2390 maior
437 2354 740 2400 frequentiorque]
781 2355 814 2391 d.
847 2355 882 2390 h.

147 2414 212 2437 aus
239 2402 537 2438 becleutenderen
562 2401 638 2435 und
659 2401 761 2437 mehr
781 2402 883 2436 Man-

144 2461 234 2484 nern
259 2449 474 2484 bestehend.

192 2507 271 2531 cum
308 2497 347 2531 id
385 2495 472 2541 ete]
511 2496 659 2530 zweiter
690 2494 883 2538 Umsstaud,

144 2543 304 2578 welcher
313 2544 393 2578 eine
403 2542 678 2587 Umatimmung
686 2543 750 2576 der
758 2543 885 2576 Etrus-

144 2589 209 2625 ker
223 2590 410 2625 bewirken
425 2589 536 2633 kann,
551 2589 787 2634 asyndetisch
802 2601 884 2623 zum

145 2640 264 2672 ersten
291 2637 431 2682 geftigt.

192 2685 436 2730 reconcilient]
484 2684 557 2719 Das
591 2682 749 2728 Subjekt
779 2683 885 2718 hiezu

145 2730 194 2765 ist
220 2742 285 2765 aus
311 2731 470 2766 civitatis
496 2743 538 2765 zu
565 2731 798 2765 entnehmen.

195 2782 248 2813 11.
275 2789 382 2822 quam
406 2777 569 2823 inutiles]
597 2777 648 2812 im
674 2777 886 2812 Deutschen

146 2824 215 2859 mit
254 2824 370 2858 ‘und'
410 2836 458 2859 an
495 2828 578 2870 quot
623 2823 884 2869 anzuknsipfen

957 1615 1001 1637 zu
1027 1602 1254 1637 fibersetzen.
1301 1601 1384 1646 Vgl.
1410 1601 1505 1646 Nep.
1535 1605 1589 1645 14,
1617 1605 1650 1644 5,
1679 1605 1696 1636 1

957 1661 979 1684 a
1016 1653 1152 1694 quanto
1190 1649 1277 1683 bello
1315 1650 1364 1683 ad
1400 1659 1508 1693 quam
1539 1660 1697 1693 parvam

955 1707 1028 1731 rem
1051 1696 1255 1740 principem
1281 1696 1413 1730 ducum
1438 1696 1606 1738 misisset3
1640 1698 1696 1739 20,

957 1748 988 1786 2,
1016 1747 1036 1777 2
1071 1754 1173 1788 quem
1203 1746 1235 1777 et
1266 1753 1309 1777 ex
1341 1745 1477 1787 quanto
1508 1753 1617 1787 reqno
1649 1743 1699 1777 ad

956 1802 1064 1834 quam
1083 1791 1269 1833 fortunam
1289 1790 1486 1832 detulisset3
1513 1792 1570 1833 25,
1596 1793 1650 1833 18,
1665 1793 1697 1824 3.

955 1838 1279 1930 ΚᾞΞῇξῖἶέοἶεεῑπ]
1311 1882 1548 1918 ‘Verfahren’
1572 1884 1618 1927 (4,
1641 1886 1697 1927 48,

956 1932 1389 2023 4‚13{,e,3t86,]8)1.ffiffiger
1426 1977 1476 2011 ist
1513 1976 1579 2011 der
1613 1976 1697 2012 Abl.

964 2025 1104 2059 Veienti
1128 2026 1235 2068 (Kap.
1260 2029 1314 2067 16,
1340 2028 1380 2069 2;
1407 2027 1464 2068 31,
1491 2024 1537 2067 2).

1007 2087 1058 2117 12.
1098 2081 1257 2128 fortiter]
1293 2082 1362 2116 mit
1392 2082 1519 2116 curari
1549 2093 1593 2115 zu
1617 2093 1698 2116 ver·

957 2130 1105 2173 binden,
1129 2129 1225 2163 ‘cine
1246 2127 1408 2173 kr’aftige
1421 2127 1696 2173 Behandlung’,

956 2177 1069 2230 naml.
1104 2177 1212 2210 unter
1244 2177 1411 2220 strenger
1441 2174 1697 2210 Enthaltsam-

957 2223 1078 2306 ketiiti
1115 2270 1200 2315 ete]

958 2317 1191 2362 Augenblick
1242 2316 1368 2351 seinen
1412 2316 1564 2361 Hunger
1608 2316 1698 2351 oder

958 2365 1083 2399 seinen
1108 2364 1220 2398 Durst
1243 2374 1288 2398 zu
1313 2363 1447 2398 stillen.

1004 2434 1042 2470 6.
1071 2439 1101 2470 1.
1134 2433 1239 2469 Nach
1260 2434 1324 2468 der
1345 2433 1612 2479 Widerlegung
1632 2433 1697 2468 der

958 2481 1147 2516 Tribunen
1173 2482 1269 2515 setzt
1287 2480 1429 2525 Appius
1456 2479 1516 2515 die
1541 2491 1613 2515 von
1633 2480 1699 2515 der

959 2540 1077 2563 neuen
1102 2527 1347 2573 Einrichtung
1378 2527 1436 2562 fiir
1466 2526 1527 2561 die
1552 2527 1698 2563 Manne—

959 2577 1068 2611 zucht
1094 2575 1159 2609 der
1182 2574 1338 2618 Krieger
1362 2575 1436 2609 und
1457 2573 1529 2608 den
1549 2573 1695 2619 Kriegs-

957 2623 1063 2657 ruhm
1103 2623 1167 2657 der
1198 2622 1334 2656 Romer
1367 2633 1410 2655 zu
1443 2620 1697 2656 erwartenden

957 2668 1124 2705 Vorteile
1150 2667 1405 2704 auseinander.

1003 2739 1056 2763 nze
1105 2729 1190 2763 dius
1238 2727 1374 2773 fidius]
1428 2727 1696 2772 Beteuerungs-

957 2775 1098 2818 formel,
1128 2774 1210 2809 ‘bei
1236 2773 1347 2809 Gott’
1371 2774 1456 2819 (eig.
1481 2774 1607 2809 ‘stehe
1626 2775 1698 2809 mir

959 2822 1024 2857 der
1043 2820 1134 2857 Gott
1153 2822 1218 2857 der
1231 2822 1348 2856 Treue
1362 2820 1464 2865 bei';
1485 2831 1559 2866 erg.
1573 2822 1696 2866 iuvet).

1249 2269 1284 2303 d.
1317 2269 1351 2304 h.
1391 2281 1452 2304 um
1492 2268 1551 2303 fiir
1588 2270 1696 2304 einen
