1794 3084
57 151 83 171 a.
103 144 169 171 chr.
188 152 217 170 n.
237 145 297 171 390.
583 133 725 170 LIBER
751 134 794 170 V.
831 133 934 170 CAP.
962 137 1018 169 45.
1044 139 1100 169 46.

1561 134 1617 176 83

57 244 205 286 ordine
238 244 471 299 eodemque
510 243 710 286 fortunae
743 246 896 285 eventu
935 245 1069 298 gesta.
1133 243 1236 298 quin
1278 243 1407 286 etiam
1441 241 1617 284 ducibus

57 303 258 358 captiviS,
297 304 369 359 qui
407 303 527 345 caedi
568 305 802 345 nocturnae
842 302 1158 357 superfuerant,
1195 302 1247 344 ad
1280 302 1411 344 aliam
1443 316 1618 343 manum

59 361 294 405 Tuscorum
335 363 385 404 ad
427 362 587 404 salinas
627 362 809 417 profecti
847 364 972 403 nocte
1013 362 1253 416 insequenti
1297 376 1347 403 ex
1384 361 1618 416 improviso

58 421 265 464 maiorem
309 422 482 464 caedem
527 421 714 474 edidere,
761 421 1005 476 duplicique
1050 422 1231 463 victoria
1275 423 1451 463 ovantes
1488 420 1620 462 Veios

56 480 247 524 redeunt.

175 539 340 582 Romae
383 540 555 581 interim
610 540 861 594 plerumque
907 538 1072 580 obsidio
1122 540 1265 595 segnis
1315 542 1358 581 et
1406 538 1690 594 utrimque46

58 599 279 641 silentium
311 613 416 654 esse,
449 599 502 640 ad
535 598 578 639 id
615 601 784 640 tantum
816 598 996 640 intentis
1030 597 1185 653 Gallis,
1215 613 1267 640 ne
1301 599 1397 653 quis
1429 597 1620 640 hostium

58 658 235 701 evadere
266 659 378 700 inter
411 659 619 699 stationes
651 660 819 712 posset,
860 671 955 699 cum
987 661 1162 712 repente
1201 658 1367 699 iuvenis
1399 657 1620 699 Romanus

58 717 343 760 admiratione
374 718 420 759 in
453 732 497 758 se
530 717 644 759 cives
680 716 914 772 hostesque
948 718 1172 758 convertit.
1236 717 1490 759 sacrificium
1530 719 1623 759 erat
1647 727 1668 758 2

58 779 220 819 statum
261 777 306 818 in
346 776 557 826 Quirinali
599 777 706 819 colle
745 776 863 831 genti
900 775 1068 818 Fabiae.
1132 776 1183 818 ad
1222 776 1264 818 id
1303 776 1544 818 faciendum
1576 774 1622 819 C.

56 835 215 878 Fabius
248 835 417 878 Dorsuo
452 835 619 878 Gabino
658 836 818 889 cinctu,
851 850 973 877 sacra
1004 835 1202 877 manibus
1236 849 1408 890 gerens,
1441 850 1537 877 cum
1570 835 1621 877 de

56 894 272 950 Capitolio
305 895 613 948 descendisset,
645 910 721 949 per
752 895 913 936 medias
946 894 1138 937 hostium
1171 896 1378 937 stationes
1411 908 1621 950 egressus,

55 955 164 997 nihil
205 955 258 997 ad
297 969 443 997 vocem
483 955 733 1009 cuiusquam
773 956 1034 996 terroremve
1073 957 1233 1005 motus,
1271 954 1314 996 in
1355 954 1619 1004 Quirinalem

57 1015 212 1057 collem
256 1014 469 1069 pervenit3
512 1014 655 1068 ibique
695 1013 894 1055 omnibus
938 1014 1204 1055 sollemniter
1247 1014 1432 1069 peractis
1472 1013 1617 1055 eadem
1644 1024 1665 1055 3

56 1077 276 1116 revertens
327 1073 525 1115 similiter
570 1073 783 1115 constanti
827 1073 947 1114 vultu
999 1073 1238 1129 graduque,
1289 1073 1393 1114 satis
1443 1087 1619 1127 sperans

55 1133 269 1188 propitios
304 1147 395 1174 esse
428 1132 548 1186 deos,
590 1147 769 1187 quorum
808 1133 967 1174 cultum
1006 1147 1059 1173 ne
1099 1132 1251 1174 mortis
1292 1132 1463 1187 quidem
1502 1134 1619 1173 metu

56 1192 300 1247 prohibitus
333 1192 608 1243 deseruisset,
651 1191 695 1232 in
728 1189 988 1245 Capitolium
1023 1192 1075 1233 ad
1114 1206 1213 1233 suos
1245 1191 1373 1232 rediit
1405 1205 1479 1232 seu
1512 1193 1620 1233 atto-

55 1251 158 1293 nitis
187 1250 323 1293 Gallis
350 1251 555 1292 miraculo
588 1250 800 1304 audaciae,
833 1265 906 1292 seu
933 1250 1141 1305 religione
1169 1250 1297 1292 etiam
1326 1251 1469 1305 motis,
1502 1250 1620 1292 cuius

56 1310 388 1365 haudquaquam
422 1310 655 1365 neglegens
690 1322 795 1364 gens
828 1312 903 1350 est.

174 1369 276 1411 Veis
319 1369 492 1410 interim
536 1383 623 1411 non
669 1369 799 1410 animi
842 1371 1014 1410 tantum
1059 1369 1103 1410 in
1145 1369 1254 1424 dies,
1299 1369 1371 1411 sed
1415 1383 1617 1410 numerus
1644 1380 1666 1410 4

55 1429 187 1470 etiam
219 1429 416 1483 viresque
447 1428 708 1470 crescebant.
764 1442 842 1469 nec
869 1427 1078 1470 Romanis
1113 1429 1251 1470 solum
1285 1443 1334 1470 eo
1367 1428 1620 1470 convenien-

54 1488 170 1530 tibus
203 1503 254 1529 ex
281 1488 409 1543 agris,
442 1488 514 1543 qui
548 1491 623 1529 aut
656 1487 820 1541 proelio
855 1488 1032 1529 adverso
1061 1491 1136 1529 aut
1168 1488 1288 1530 clade
1318 1492 1469 1542 captae
1502 1488 1620 1529 urbis

53 1547 188 1602 palati
226 1547 416 1601 fuerant,
461 1547 535 1588 sed
578 1546 707 1588 etiam
747 1561 795 1588 ex
835 1546 959 1589 Latio
1000 1547 1255 1589 voluntariis
1294 1547 1620 1600 confluentibus,

54 1609 103 1648 ut
142 1607 185 1648 in
223 1609 347 1661 parte
391 1607 573 1661 praedae
619 1609 779 1660 essent,
824 1609 1039 1648 maturum
1084 1607 1170 1648 iam
1216 1607 1441 1648 videbatur
1484 1607 1619 1660 repeti
1646 1617 1666 1648 5

54 1666 240 1721 patriam
291 1665 479 1721 eripique
525 1681 575 1707 ex
626 1665 817 1707 hostium
864 1666 1084 1719 manibus,
1135 1666 1207 1708 sed
1258 1666 1427 1720 corpori
1477 1665 1618 1707 valido

55 1729 184 1780 caput
215 1725 371 1767 deerat.
433 1726 551 1767 locus
590 1725 682 1779 ipse
725 1725 983 1767 admonebat
1016 1724 1203 1779 Camilli,
1242 1729 1285 1767 et
1322 1739 1481 1780 magna
1518 1739 1617 1780 pars
1645 1736 1665 1769 6

55 1786 239 1826 militum
280 1788 390 1839 erat,
436 1786 508 1840 qui
546 1785 674 1825 ductu
715 1785 993 1840 auspicioque
1032 1785 1121 1826 eius
1164 1799 1230 1826 res
1274 1799 1478 1839 prospere
1523 1798 1617 1839 ges-

101 1901 376 1947 superfuerant]
428 1901 509 1946 Vgl.
538 1901 629 1946 Kap.
658 1904 714 1945 39,
743 1904 797 1937 12.

101 1949 258 1994 salinas]
295 1948 362 1984 Die
391 1948 598 1983 Salzwerke
626 1948 693 1983 anf
715 1948 797 1983 dem

54 1997 208 2032 rechten
243 1995 331 2031 Ufer
364 1996 428 2031 des
461 1996 574 2031 Tiber
607 1995 668 2031 bei
695 1996 800 2031 Ostia

54 2045 102 2089 (ι,
128 2048 184 2087 33,
211 2048 249 2086 93
278 2048 308 2087 7,
339 2048 392 2088 17,
420 2048 439 2079 6
466 2055 500 2078 u.
531 2047 587 2087 19,
616 2046 661 2087 8).

102 2114 167 2151 46.
197 2119 225 2150 1.
260 2116 355 2149 inter
379 2116 567 2161 stationes]

56 2162 127 2197 den
155 2190 162 2196 .
178 2190 185 2196 .
202 2191 208 2197 .
237 2162 450 2198 hindurch'.
486 2162 571 2207 Vgl.
588 2162 679 2207 Kap.
696 2166 752 2204 27,
767 2166 799 2198 2.

102 2210 362 2256 admiratione]
377 2209 706 2255 ungewohnlicher
714 2208 798 2244 Abl.

55 2257 169 2292 modi.
211 2261 243 2300 3,
270 2262 327 2301 47,
355 2262 386 2292 6.

103 2320 135 2351 2.
162 2315 314 2363 stcitum]
338 2316 435 2352 Part.
457 2327 528 2351 von
547 2317 671 2351 sistere
693 2315 798 2350 ‘fest-

57 2363 221 2407 stellen',
255 2364 369 2399 daher
397 2362 675 2406 ‘feststehend’,
703 2363 737 2398 d.
766 2364 801 2398 h.

56 2411 216 2446 welches
249 2411 462 2456 alljahrlich
502 2423 546 2446 an
585 2411 703 2445 vinem
738 2411 800 2445 be-

58 2457 249 2493 stimmten
275 2459 355 2503 Tag
381 2459 630 2504 dai-gebracht
655 2458 798 2492 wurde:

57 2508 120 2550 23,
146 2509 207 2549 35,
233 2511 253 2541 3
295 2506 492 2551 Campanis
526 2506 692 2541 omnibus
728 2510 800 2540 sta-

57 2556 133 2588 tum
157 2555 378 2597 sacrificium
404 2554 453 2589 ad
478 2553 622 2588 Hamas
647 2556 733 2588 erat.

105 2612 267 2659 Dorsuo]
316 2612 374 2648 ein
419 2613 579 2648 seltener
625 2611 800 2647 Beiname

60 2658 123 2694 der
147 2659 289 2695 Fabiexz
334 2659 464 2696 Dieser
489 2660 526 2695 C.
547 2659 680 2694 Fabius
708 2659 798 2694 Dor—

59 2717 125 2742 suo
162 2707 248 2753 (vgl.
276 2706 356 2742 Val.
392 2707 487 2742 Max.
518 2711 553 2750 1,
589 2711 626 2751 1,
656 2711 710 2749 11)
750 2707 799 2741 ist

59 2753 366 2789 wahrseheinlich
393 2759 462 2790 358
485 2767 517 2788 v.
541 2754 622 2789 Chr.
645 2754 798 2797 Konsul,

61 2803 128 2835 345
160 2801 238 2836 sein
271 2801 372 2836 Sohn
403 2802 449 2837 M.
477 2802 612 2837 Fabius
645 2801 798 2837 Dorsuo.

108 2847 251 2884 Gabino
287 2850 425 2895 cinctu]
472 2849 523 2884 ‘in
561 2848 800 2894 gabinischer

60 2891 228 2930 Tracht’.
269 2895 377 2932 Diese
399 2896 555 2932 bestand
575 2896 694 2941 datin,
720 2895 800 2931 dass

599 2115 800 2149 ‘zwischen

877 1900 939 1935 bei
967 1900 1167 1946 religiosen
1191 1900 1503 1935 Feierlichkeiten
1529 1900 1617 1945 (vgl.

877 1951 910 1991 8,
937 1952 969 1991 9,
998 1952 1035 1992 9;
1071 1952 1130 1991 10,
1159 1952 1190 1992 7,
1217 1949 1252 1992 3)
1292 1948 1357 1982 der
1394 1947 1515 1992 Zipfel
1554 1948 1618 1983 der

875 1994 989 2040 Toga,
1015 1995 1175 2031 welcher
1201 1997 1305 2031 sonst
1325 1995 1415 2030 fiber
1435 1995 1495 2030 die
1516 1994 1618 2030 linke

876 2042 1047 2078 Schulter
1071 2042 1296 2088 herabhing,
1333 2055 1395 2077 um
1422 2042 1482 2078 die
1509 2043 1618 2078 Brust

874 2101 1040 2135 gezogen
1066 2090 1192 2126 wurde
1219 2091 1293 2125 und
1319 2089 1379 2126 die
1400 2089 1504 2135 Toga
1529 2089 1616 2126 fest-

874 2137 978 2173 hielt.

923 2186 986 2231 ad]
1032 2185 1092 2221 die
1130 2185 1410 2231 Veranlassung
1449 2185 1618 2220 bezeich-

875 2233 971 2268 nend
1007 2234 1094 2279 (vgl.
1121 2232 1214 2278 Kap.
1243 2237 1300 2278 37,
1333 2235 1384 2278 5),
1424 2234 1516 2268 statt
1553 2232 1617 2267 des

875 2279 957 2315 Abl.
985 2292 1129 2316 causae.

922 2328 1107 2374 terrorem]
1120 2328 1418 2372 Schreckmittel,
1426 2328 1616 2373 Drohung.

924 2379 955 2409 3.
993 2387 1037 2410 ne
1063 2404 1070 2411 .
1087 2405 1093 2411 .
1110 2404 1117 2411 .
1144 2375 1303 2422 quidem]
1341 2376 1511 2411 verneint
1547 2376 1617 2410 mit

876 2422 940 2458 der
954 2422 1341 2468 Nebenbestimmung
1359 2423 1528 2467 zugleieh
1548 2423 1614 2457 das

874 2469 1039 2505 Verbum
1063 2471 1208 2505 finitum
1235 2472 1454 2506 deseruisset.

922 2522 953 2553 4.
980 2518 1059 2564 nec]
1087 2535 1131 2546 =
1157 2522 1188 2551 et
1211 2529 1295 2560 mm,
1320 2517 1380 2553 die
1401 2518 1509 2553 S'atze
1538 2529 1614 2552 ver-

874 2564 1037 2600 bindend
1064 2565 1140 2600 und
1159 2564 1398 2610 Verneinung
1420 2577 1462 2599 zu
1487 2565 1611 2599 solum.

922 2624 965 2647 ex
991 2612 1119 2657 Latio]
1153 2612 1310 2647 welches
1337 2611 1516 2647 ebenfalls
1541 2622 1614 2646 von

876 2659 945 2694 den
996 2659 1160 2694 Galliern
1220 2660 1421 2695 verwi‘istet
1470 2657 1614 2700 wurde3

872 2707 964 2751 Kap.
991 2710 1047 2750 43,
1075 2711 1106 2740 5.

918 2755 959 2788 in
986 2758 1093 2799 parte
1120 2780 1127 2787 .
1149 2782 1155 2788 .
1179 2782 1185 2788 .
1213 2754 1299 2799 esse]
1338 2753 1463 2788 Antei]
1495 2753 1615 2788 haben

871 2812 917 2835 an
1031 2802 1076 2845 (6,
1106 2805 1160 2843 15,
1188 2806 1206 2836 6
1234 2813 1268 2836 u.
1296 2805 1352 2843 37,
1378 2803 1423 2841 4).

919 2852 950 2883 5.
982 2848 1190 2894 videbatur]
1223 2848 1333 2883 nami.
1362 2848 1427 2882 der
1463 2847 1502 2882 in
1532 2847 1613 2891 Veji

874 2896 1142 2942 gesammelten
1168 2895 1312 2940 Menge.

1285 2954 1331 2989 6*
