1794 3084
53 121 83 140 a.
103 113 156 139 Ch.
175 120 204 140 n.
225 113 285 139 385.

561 103 704 139 LIBER
730 103 791 139 Vl.
843 103 945 140 CAP.
969 108 1022 138 12.
1053 108 1106 139 13.
1563 105 1618 145 29

55 210 209 268 gladii,
241 214 284 252 et
309 211 455 252 veniat
481 212 524 252 in
550 215 737 253 mentem
764 211 990 266 unicuique
1018 212 1119 253 deos
1147 225 1250 265 esse,
1282 213 1354 266 qui
1376 211 1619 254 Romanum

54 269 274 323 adiuvent,
307 269 426 323 deos,
459 271 532 324 qui
565 270 765 312 secundis
798 271 949 312 avibus
982 270 1026 311 in
1058 271 1269 325 proelium
1302 270 1510 312 miserint.
1559 275 1620 325 tu,
1648 283 1690 314 10

54 327 102 370 T.
129 327 319 382 Quincti,
357 328 546 384 equitem
578 329 771 371 intentus
812 329 863 371 ad
904 329 1089 383 primum
1127 329 1299 371 initium
1338 330 1444 371 moti
1484 332 1619 372 certa-

52 386 182 429 minis
207 390 322 442 tene3
357 392 400 428 at
426 387 498 429 ubi
526 388 702 429 haerere
729 389 815 430 iam
842 389 976 429 aciem
1002 388 1160 430 collato
1187 388 1292 443 pede
1319 388 1493 442 videris,
1525 392 1618 430 tum

52 447 260 487 terrorem
303 449 543 500 equestrem
583 448 805 501 occupatis
844 447 927 488 alio
966 462 1123 501 pavore
1168 447 1296 499 infer,
1339 448 1618 502 invectusque

51 503 222 546 ordines
252 505 544 559 pugnantium
576 505 765 561 dissipa?

830 506 890 547 sic
929 520 1075 561 eques,
1120 506 1180 548 sic
1219 506 1366 560 pedes,
1410 511 1458 548 ut
1495 521 1618 562 prae-
1647 518 1686 549 11

52 566 240 618 ceperat,
272 568 488 619 pugnant3
519 579 597 606 nec
629 565 714 606 dux
746 564 939 620 legiones
971 579 1048 606 nec
1074 564 1249 606 fortuna
1277 565 1431 607 fefellit
1457 565 1618 607 ducem.

168 621 404 664 Multitudo
432 623 641 674 hostium,
673 623 784 665 nulli
811 623 873 664 rei
901 627 1200 677 praeterquam
1229 638 1408 679 numero
1435 624 1547 666 freta
1577 628 1619 667 et
1635 625 1688 667 13

50 681 184 722 oculis
218 684 441 737 utramque
475 683 655 724 metiens
689 683 844 735 aciem,
874 685 1035 723 temere
1066 683 1277 737 proelium
1310 683 1425 738 iniit,
1457 687 1617 725 temere

48 739 211 794 omisit,
262 740 449 783 clamore
485 743 656 783 tantum
697 741 1017 796 missilibusque
1055 741 1155 783 telis
1199 744 1241 782 et
1273 742 1412 796 primo
1446 756 1617 798 pugnae
1644 754 1664 784 2

48 798 214 854 impetu
245 798 368 841 ferox
401 800 568 855 gladios
601 804 644 842 et
676 801 881 842 collatum
912 800 1064 855 pedem
1103 804 1146 841 et
1179 801 1344 841 vultum
1378 801 1515 843 hostis
1551 817 1618 843 ar-

48 857 149 899 dore
182 858 314 900 animi
347 859 577 901 micantem
608 859 720 901 ferre
752 874 840 901 non
872 860 1026 914 potuit.

1097 860 1285 913 impulsa
1324 861 1444 902 frons
1478 861 1617 915 prima
1643 872 1664 903 3

47 918 92 958 et
121 917 353 972 trepidatio
387 918 591 960 subsidiis
623 919 778 973 inlata,
812 921 855 960 et
887 933 1012 960 suum
1044 921 1254 960 terrorem
1287 919 1435 960 intulit
1467 934 1614 974 eques3

46 975 162 1030 rupti
200 976 299 1018 inde
337 977 486 1019 multis
525 978 630 1019 locis
671 978 842 1019 ordines
882 980 1083 1032 motaque
1125 978 1271 1019 omnia
1310 980 1352 1019 et
1390 978 1616 1020 fluctuanti

48 1034 201 1076 similis
234 1035 346 1077 acies
381 1039 483 1078 erat.

47 1107 94 1135 se
126 1094 306 1149 quisque
338 1098 644 1149 perventuram
683 1096 855 1137 caedem
889 1096 1109 1150 cernebat,
1148 1098 1272 1150 terga
1304 1098 1489 1137 vertunt.

546 1037 662 1087 dein,
700 1039 932 1091 postquam
972 1036 1223 1078 cadentibus
1256 1036 1408 1090 primis
1441 1037 1527 1078 iam
1562 1038 1615 1079 ad

1553 1097 1615 1138 in-
1641 1107 1663 1138 4

47 1154 162 1194 stare
195 1152 433 1208 Romanus3
467 1157 509 1195 et
541 1154 675 1196 donec
708 1155 862 1196 armat-i
896 1154 1164 1209 confertique
1198 1154 1389 1208 abibant,
1421 1155 1615 1209 peditum

45 1211 170 1253 labor
211 1212 256 1253 in
300 1213 594 1268 persequendo
639 1213 740 1266 fuit3
796 1216 1029 1268 postquam
1079 1214 1229 1254 iactari
1279 1228 1399 1255 arma
1448 1214 1614 1267 passim

44 1273 234 1325 tugaque
271 1285 347 1326 per
385 1285 512 1326 agros
551 1273 697 1328 spargi
737 1273 871 1314 aciem
909 1273 1099 1314 hostium
1141 1272 1492 1314 animadversum
1539 1276 1615 1327 est,

45 1328 137 1370 fum
175 1330 366 1385 equitum
404 1334 572 1373 turmae
612 1331 793 1373 emissae
832 1331 932 1373 dato
973 1332 1116 1386 signo,
1161 1346 1214 1372 ne
1254 1331 1300 1372 in
1341 1331 1612 1387 singulorum

43 1389 251 1431 morando
285 1389 411 1431 caede
445 1391 633 1444 spatium
666 1390 719 1432 ad
752 1390 1017 1432 evadendum
1038 1390 1212 1431 interim
1240 1390 1510 1432 multitudini
1543 1391 1613 1433 da-

43 1449 155 1488 rent:
189 1448 294 1490 satis
326 1462 419 1490 esse
452 1449 689 1491 missilibus
722 1464 771 1491 ac
802 1451 968 1491 terrore
1001 1449 1201 1503 impediri
1233 1464 1404 1491 cursum
1438 1450 1613 1504 obequi·
1638 1461 1658 1491 5

90 1551 236 1598 avibus]
282 1552 529 1597 Vorzeichen,
574 1553 788 1589 Vorbedeu-

42 1598 194 1644 tungen.

93 1649 146 1682 10.
168 1646 347 1693 primum]
373 1647 629 1692 pleonastisch
655 1661 699 1683 zu
718 1649 789 1684 ini-

43 1693 135 1728 tium
171 1692 419 1740 hinzugeffigt
456 1695 545 1740 (vgl.
580 1700 618 1739 3,
647 1699 708 1739 54,
737 1699 788 1741 9)3

43 1739 139 1775 auch
163 1742 250 1776 moti
276 1742 426 1786 (erregt,
458 1742 668 1788 begonnen)
704 1743 790 1778 wie-

43 1785 192 1822 derholt
218 1787 290 1823 den
309 1788 454 1834 Begriff
475 1790 539 1824 des
562 1790 789 1836 Anfangens.

89 1835 183 1881 tene]
210 1852 255 1865 =
275 1837 399 1872 retine.

89 1881 248 1929 haerere]
282 1884 510 1929 stillstehen,
554 1884 789 1920 festbleiben.

45 1930 80 1974 Β,
98 1932 154 1973 38,
176 1933 231 1964 14.
261 1934 316 1974 10,
338 1935 393 1974 36,
418 1935 471 1966 13.

89 1976 219 2012 collato
238 1978 347 2024 pede]
369 1977 457 2013 Furs
479 1990 599 2024 gegen
613 1979 641 2012 F
644 1979 710 2023 uss,
737 1980 790 2014 in-

44 2021 129 2058 dem
159 2024 212 2059 sie
244 2025 356 2060 Mann
389 2037 510 2071 gegen
541 2026 653 2061 Mann
685 2026 789 2062 k'am—

37 2068 131 2122 pfen
145 2069 397 2116 (Ourt.3‚26,5
418 2074 548 2109 collato
563 2075 664 2118 pede,
683 2075 791 2119 quasi

42 2117 180 2163 ninyuli
198 2120 293 2154 inter
311 2131 347 2155 se
362 2121 590 2163 dimicarent,
610 2122 651 2155 in
671 2122 790 2157 eodem

43 2165 191 2210 vestiyio
210 2167 392 2209 stabant):
419 2166 512 2213 Kap.
536 2173 641 2213 13‚·2;
665 2172 720 2212 10,
734 2172 790 2213 29,

38 2213 84 2254 ,⁶3
107 2215 164 2256 26,
178 2217 236 2257 39,
251 2218 311 2256 12;
338 2217 394 2258 28,
409 2218 442 2259 2,
458 2219 488 2250 6.
517 2215 590 2251 Cic.
612 2229 647 2260 p.
664 2215 788 2251 Plane.

43 2261 89 2294 48
112 2271 200 2295 num
228 2272 375 2306 possum
405 2264 522 2307 mayis
550 2264 674 2307 pedem
705 2274 789 2299 con-

43 2304 152 2389 gre&
184 2311 225 2343 ut
249 2310 373 2353 aiunt,
406 2314 472 2345 aut
497 2311 656 2355 propius
690 2322 789 2346 acce-

107 2364 138 2389 e.

46 2425 50 2430 Α
91 2403 296 2449 equestrem]
324 2405 418 2438 statt
443 2403 508 2439 des
534 2403 624 2439 Gen.
653 2403 787 2439 obiect.

44 2448 210 2494 quitum.
268 2454 325 2495 27,
345 2454 402 2494 42,
423 2455 443 2486 2
470 2452 545 2486 iam
565 2452 707 2496 primos
732 2462 787 2486 oc-

44 2500 238 2539 afflaverat
262 2499 434 2543 equestris
458 2501 584 2534 terror.

90 2545 288 2590 occupatis]
319 2545 402 2590 Vgl.
429 2546 521 2590 Kap.
544 2549 575 2589 3,
597 2549 628 2581 8.

89 2591 237 2637 pavore]
275 2591 418 2638 infolge
457 2593 523 2628 der
561 2593 786 2638 ungewohn-
830 2624 833 2626 .

43 2630 167 2672 lichen
192 2638 261 2672 Art
286 2638 350 2674 des
377 2640 565 2685 Kampfes.

81 2685 147 2736 ‘11.
172 2684 316 2732 fefellit]
356 2687 464 2722 Sinn:
499 2687 593 2723 alles
619 2687 708 2722 kam
734 2699 786 2731 so,

44 2737 115 2764 me
134 2728 324 2768 Cornelius
350 2744 387 2769 es
416 2736 591 2770 erwartet
614 2735 692 2770 und
719 2735 788 2770 den

48 2772 217 2823 'huppen
243 2780 502 2826 angekfindigt
527 2782 645 2817 hatte.

93 2822 213 2877 .18.“1.
238 2827 350 2874 freta]
366 2828 557 2865 DasWort
575 2830 690 2864 findet
710 2829 788 2864 sich

46 2866 108 2905 bel
131 2870 258 2908 Livius
289 2875 484 2912 sechsmal.
536 2876 702 2912 Viermal
738 2875 789 2912 ist

863 1565 901 1588 es
916 1553 984 1588 mit
992 1554 1076 1588 dem
1085 1554 1169 1588 Dat.
1180 1553 1395 1589 verbunden
1404 1568 1411 1588 :
1420 1553 1513 1598 hier,
1520 1553 1615 1599 Kap.

863 1605 920 1644 31,
942 1605 978 1643 63
1020 1604 1052 1644 4,
1074 1605 1130 1645 37,
1153 1605 1192 1643 6;
1231 1604 1262 1643 8,
1285 1604 1339 1643 22,
1363 1604 1394 1635 7.
1452 1603 1510 1636 An
1543 1602 1615 1637 den

863 1648 953 1682 zwei
978 1648 1120 1683 andem
1147 1647 1290 1683 Stellen
1322 1647 1411 1683 lasst
1443 1648 1522 1683 sich
1548 1649 1614 1683 der

862 1695 981 1730 Kasus
1001 1695 1108 1730 nicht
1127 1695 1371 1730 bestimmen:
1399 1695 1492 1741 Kap.
1508 1699 1613 1739 29,2;

866 1747 920 1784 10,
944 1745 999 1785 24,
1020 1747 1052 1777 4.

911 1790 1040 1835 oculis]
1067 1801 1148 1824 nur
1173 1790 1245 1824 mit
1270 1788 1342 1824 den

912 1840 943 1872 2.
981 1838 1152 1872 collatum
1183 1837 1326 1883 pedem]
1372 1837 1444 1871 den
1478 1836 1620 1882 Kampf

863 1883 952 1919 Fuss
979 1895 1100 1929 gegen
1126 1884 1225 1927 Fuss,
1253 1883 1322 1918 den
1350 1883 1581 1929 Fusskampf.

911 1931 1050 1966 vultum
1075 1931 1203 1977 hostis]
1230 1930 1315 1975 Vgl.
1333 1934 1363 1974 7,
1377 1935 1505 1973 33,17:
1531 1942 1613 1966 ocu-

863 1979 915 2014 los
951 1978 1025 2014 siba·
1061 1978 1313 2014 Romanorum
1351 1980 1480 2013 ardere
1520 1980 1614 2014 visos

863 2026 1010 2061 aiebant
1035 2036 1252 2071 vesanosque
1277 2026 1399 2061 vultus
1430 2030 1462 2061 et
1487 2026 1613 2069 suren-

862 2074 917 2109 tz'a
942 2084 1018 2108 ora.

913 2121 1044 2156 ardore
1054 2119 1188 2166 animi]
1202 2118 1469 2163 Kampfeswut.
1483 2124 1612 2164 22,5,8.

913 2171 945 2202 3.
972 2169 1076 2211 frons
1096 2167 1239 2213 prima]
1277 2166 1336 2202 die
1369 2169 1466 2203 erste
1492 2168 1610 2212 Linie,

863 2214 923 2249 die
950 2215 1140 2250 vorderste
1166 2215 1295 2250 Reihe.

909 2262 1031 2308 suum]
1059 2264 1153 2297 statt
1178 2262 1243 2296 des
1269 2261 1358 2296 Gen.
1382 2261 1515 2296 obiect.
1540 2262 1611 2297 sui.

909 2309 1128 2355 fluctuanti]
1164 2309 1287 2344 ‘einer
1317 2309 1475 2354 VVoge'.
1534 2309 1609 2344 Das

863 2356 1097 2392 Schwanken
1147 2356 1212 2391 der
1262 2355 1612 2401 Schlachtordnung

861 2403 959 2438 nach
991 2403 1206 2448 Auflcsung
1238 2404 1303 2438 der
1335 2402 1487 2438 Glieder
1518 2403 1611 2438 wird

861 2452 930 2486 mit
962 2451 1046 2486 dem
1080 2450 1205 2496 Spiele
1239 2450 1342 2486 einer
1374 2450 1494 2495 Woge
1530 2462 1612 2485 ver-

861 2498 1028 2543 glichen:
1050 2498 1281 2541 Kap.24,10;
1303 2501 1447 2540 8,39,4;
1469 2502 1609 2543 9,35,6.

909 2546 1089 2590 cernebat]
1102 2544 1317 2589 Imperfekt‚
1326 2544 1396 2579 wie
1406 2544 1498 2589 Kap.
1512 2548 1565 2587 10,
1576 2549 1608 2580 4.

908 2597 940 2628 4.
967 2592 1120 2637 instare]
1148 2591 1306 2637 drangte
1340 2592 1455 2632 nach,
1492 2593 1608 2626 setzte

859 2638 1606 2683 nach,n{'2ml.denweichendenFeinden.

902 2687 1086 2732 peditum]
1113 2686 1229 2720 durch
1249 2685 1310 2720 die
1329 2685 1501 2729 Stellung
1526 2684 1607 2720 her·

860 2735 1099 2778 vorgehoben
1136 2732 1351 2777 gegeniiber
1384 2732 1467 2767 dem
1494 2733 1608 2767 nach-

860 2781 1060 2825 folgenden
1086 2779 1303 2824 Eingreifen
1335 2779 1400 2814 der
1432 2779 1604 2815 Reiterei.

909 2834 940 2864 5.
979 2827 1242 2873 obequitando]
1290 2826 1427 2861 ‘durch
1471 2826 1606 2862 blosses

861 2874 1273 2921 Entgegensprengen’.
1317 2873 1392 2909 Das
1408 2874 1517 2910 Wort
1540 2875 1607 2909 fin-
