1794 3084
89 148 116 167 ο..
136 140 187 167 oh.
207 148 234 166 n.
256 141 316 167 326.
590 128 738 165 LIBER
763 128 861 166 VIII.
906 127 1009 165 CAP.
1035 131 1092 163 25.
1119 131 1174 163 26.
1607 125 1663 167 59

93 253 174 295 que
214 253 264 281 ac
303 238 558 293 coniugibus
604 240 647 279 et
691 252 799 292 quae
849 239 1074 292 captarum
1121 235 1292 278 urbium
1330 237 1521 277 extrema
1563 236 1664 276 sunt

92 298 384 354 patiebantur.
435 297 582 352 itaque
623 311 721 339 cum
754 300 796 338 et
829 312 855 338 a
887 296 1077 338 Tarento
1113 298 1154 337 et
1187 310 1212 337 a
1245 293 1514 337 Samnitibus
1546 293 1663 336 fama
1691 304 1710 336 7

92 360 208 400 esset
250 372 363 399 nova
409 356 568 398 auxilia
613 358 811 410 ventura,
857 354 1114 398 Samnitium
1162 354 1277 410 plus,
1321 368 1451 409 quam
1487 353 1663 407 vellent,

92 417 208 459 intra
239 417 413 459 moenia
446 430 538 458 esse
570 415 797 470 rebantur,
829 414 1160 456 Tarentinorum
1193 413 1476 466 iuventutem,
1509 411 1664 454 Graeci
1691 422 1712 454 8

93 475 299 530 Graecos,
336 475 451 517 haud
490 475 630 516 minus
669 489 745 529 per
784 488 891 529 quos
931 473 1115 516 Samniti
1152 472 1408 527 Nolanoque
1449 487 1577 527 quam
1615 475 1664 513 ut

91 534 301 577 Romanis
343 534 541 576 hostibus
586 534 856 587 resisterent,
901 533 1222 587 exspectabant.
1283 535 1503 586 postremo
1536 531 1664 573 levis-

94 595 252 636 simum
285 594 501 636 malorum
534 593 695 635 deditio
729 593 782 634 acl
815 592 1036 634 Romanos
1068 592 1173 633 visa.

214 652 441 696 Charilaus
482 655 526 695 et
567 652 815 707 Nymphius
854 652 1070 707 principes
1116 650 1304 693 civitatis
1344 649 1662 692 communicato
1690 660 1710 692 9

94 713 209 755 inter
244 728 288 755 se
322 712 501 755 consilio
534 715 681 766 partes
715 712 769 754 ad
800 725 892 752 rem
926 710 1139 766 agendam
1173 709 1369 764 divisere,
1401 712 1449 750 ut
1475 709 1584 750 alter
1610 708 1664 750 ad

94 772 401 828 imperatorem
445 771 745 814 Romanorum
790 770 1104 825 transfugeret,
1157 769 1266 811 alter
1308 769 1566 810 subsisteret
1611 767 1664 809 ad

94 832 386 886 praebendam
425 835 717 886 opportunam
752 830 931 872 consilio
964 829 1128 871 urbem.
1192 826 1418 870 Charilaus
1450 827 1551 881 fuit,
1591 827 1663 882 qui
1691 836 1734 868 10

94 891 147 932 ad
180 890 418 933 Publilium
443 890 671 932 Philonem
705 889 825 932 venit
858 893 912 943 et,
945 889 1057 944 quod
1090 888 1269 938 bonum,
1310 887 1520 939 faustum,
1558 885 1663 927 felix

90 949 433 1005 Palaepolitanis
467 951 715 1005 populoque
747 948 945 990 Romano
979 950 1104 1001 esset,
1136 947 1306 988 tradere
1334 960 1379 988 se
1407 946 1468 987 ait
1494 945 1665 988 moenia

93 1010 308 1052 statuisse.
374 1024 423 1052 eo
463 1010 579 1052 facto
625 1015 770 1050 utrum
811 1008 864 1050 ab
909 1022 954 1050 se
998 1006 1171 1062 prodita
1210 1021 1264 1048 an
1309 1008 1481 1047 servata
1520 1005 1664 1060 patria
1692 1014 1734 1046 11

92 1069 301 1122 videatur,
333 1069 378 1110 in
412 1068 494 1110 fide
527 1068 725 1110 Romana
756 1067 947 1122 positum
983 1081 1089 1108 esse.
1130 1066 1214 1107 sibi
1245 1065 1452 1120 privatim
1484 1078 1562 1106 nee
1588 1079 1664 1119 pa-

91 1128 193 1170 cisci
227 1128 456 1183 quicquam
489 1143 566 1170 nec
593 1131 758 1183 petere,
789 1127 960 1182 publice
987 1128 1134 1180 petere
1162 1140 1291 1180 quam
1316 1124 1479 1179 pacisci
1506 1124 1660 1179 magis,
1689 1132 1734 1163 12

91 1190 158 1238 ut,
198 1187 234 1229 si
267 1188 544 1229 successisset
581 1188 821 1242 inceptum,
864 1186 1077 1242 cogitaret
1108 1184 1296 1239 populus
1331 1183 1551 1226 Romanus
1586 1197 1661 1237 po-

40 1261 46 1268 ·
90 1247 191 1300 tius,
224 1261 320 1288 cum
343 1250 503 1302 quanto
525 1245 666 1288 studio
693 1245 969 1300 periculoque
996 1244 1182 1286 reditum
1209 1243 1253 1285 in
1275 1243 1508 1285 amicitiam
1531 1257 1654 1284 suam

90 1309 217 1360 esset,
243 1321 371 1361 quam
400 1320 483 1360 qua
510 1305 699 1347 stultitia
726 1308 768 1347 et
793 1305 1039 1346 temeritate
1067 1303 1117 1344 de
1147 1302 1290 1345 officio
1313 1302 1544 1344 decessum.
1578 1302 1662 1343 col·
1689 1310 1731 1341 13

90 1365 292 1407 laudatus
326 1365 379 1407 ab
412 1366 674 1419 imperatore
700 1365 786 1406 tria
811 1364 930 1405 milia
951 1363 1137 1404 militum
1166 1362 1218 1403 ad
1246 1361 1537 1416 occupandam
1565 1375 1662 1402 eam

89 1427 258 1479 partem
284 1424 416 1479 urbis,
450 1439 579 1479 quam
612 1423 828 1466 Samnites
861 1422 1126 1476 insidebant,
1159 1421 1340 1476 accepit3
1372 1420 1589 1476 praesidio
1623 1421 1660 1462 ei

89 1482 135 1525 L.
168 1482 394 1533 Quinctius
426 1484 624 1525 tribunus
658 1483 848 1524 militum
881 1482 1165 1537 praepositus.

208 1541 375 1586 Eodem
407 1546 602 1597 tempore
636 1545 678 1584 et
712 1541 956 1597 Nymphius
994 1543 1240 1596 praetorem
1274 1537 1532 1580 Samnitium
1567 1541 1659 1580 arte
1672 1534 1732 1577 26

93 1602 325 1658 adgressus
366 1602 633 1657 perpulerat,
671 1606 737 1656 ut,
777 1601 982 1656 quoniam
1022 1600 1162 1642 omnis
1193 1599 1415 1641 Romanus
1449 1597 1659 1639 exercitus

91 1665 166 1704 aut
197 1661 310 1704 circa
344 1661 612 1717 Palaepolim
646 1664 720 1703 aut
751 1661 797 1702 in
837 1659 1013 1702 Samnio
1054 1661 1189 1713 esset,
1235 1658 1395 1699 sineret
1441 1671 1486 1698 se
1525 1657 1661 1699 classe

910 1775 1019 1810 keit’.
1056 1774 1196 1809 Wurde
1223 1774 1282 1809 die
1310 1774 1406 1809 ohne
1433 1773 1657 1819 Bedingung

910 1823 1147 1868 fibergebene
1175 1822 1285 1857 Stadt
1309 1832 1382 1856 von
1404 1821 1476 1856 den
1496 1821 1661 1856 Romern

909 1870 1002 1905 mild
1029 1868 1244 1913 behandelt,
1271 1880 1310 1904 so
1334 1867 1504 1904 erschien
1525 1868 1656 1904 Chari-

910 1918 992 1952 laus
1019 1917 1074 1952 als
1100 1917 1160 1951 ihr
1184 1917 1329 1959 Retter;
1360 1915 1484 1951 wurde
1512 1915 1565 1950 sie
1592 1916 1656 1950 da-

91 1779 163 1825 den
191 1778 357 1813 Kindern
377 1777 631 1823 Emporendes
658 1777 835 1823 gesehah.

90 1826 254 1860 Ahnlich
275 1825 325 1860 ist
344 1827 386 1860 in
407 1826 618 1871 gebraucht
630 1824 724 1870 Kap.
739 1828 835 1868 31,7.

140 1878 170 1908 7.
198 1873 310 1919 nova]
338 1873 408 1907 mit
434 1873 557 1918 Bezug
589 1872 655 1907 auf
686 1872 745 1906 die
772 1873 836 1906 be-

91 1919 183 1956 reits
202 1921 239 1955 in
251 1920 440 1965 Pal‘apolis
454 1919 706 1955 befindlichen
721 1919 837 1964 Trup-

90 1979 165 2014 pen
209 1968 275 2003 der
323 1968 514 2004 Samniten
552 1966 628 2002 und
673 1965 838 2002 Nolaner

91 2015 200 2060 (Kap.
221 2019 279 2058 23,
303 2017 346 2059 1).

132 2063 373 2098 Samnitium.
389 2091 396 2098 .
415 2091 421 2098 .
433 2062 466 2097 T
465 2061 836 2108 arentfflorumkhia·

910 1975 1030 2010 gegeu
1057 1965 1145 1999 hart
1170 1963 1390 2007 behandelt,
1418 1974 1458 1998 so
1485 1963 1657 1998 ereehien

910 2024 948 2047 er
975 2015 1030 2046 als
1057 2011 1243 2046 Verrttter.

961 2063 1014 2094 12.
1037 2059 1199 2105 publice]
1234 2059 1271 2093 in
1303 2058 1428 2103 Bezug
1463 2057 1529 2092 auf
1558 2057 1659 2092 seine

95 2110 233 2146 stische
253 2109 496 2155 Ausfiihrung
517 2120 561 2144 zu
581 2113 613 2144 et
633 2121 655 2144 α
678 2109 836 2144 Tarento

91 2161 125 2194 et
151 2170 173 2193 a
199 2157 441 2193 Samnitibus.

138 2208 171 2240 8.
198 2216 306 2250 quam
332 2205 388 2251 ut]
428 2204 483 2240 als
510 2204 557 2240 ob
584 2203 834 2249 vorausgehe:

86 2253 192 2288 haud
217 2255 338 2288 minus
362 2256 404 2288 ut
424 2264 492 2298 per
517 2262 583 2287 eos.

138 2305 169 2336 9.
192 2300 335 2346 partes]
351 2298 567 2335 dieRollen.
595 2299 688 2343 Kap.
705 2302 761 2341 20,
778 2301 834 2333 12.

135 2347 358 2393 subsisteret]
372 2364 418 2375 =
431 2350 630 2382 remaneret
649 2345 702 2392 (4,
715 2349 771 2389 55,
787 2347 834 2388 8).

137 2394 306 2441 consilio]
333 2393 411 2429 scil.
434 2394 671 2438 perficiendo,
703 2405 765 2427 um
797 2392 836 2427 in

89 2442 155 2477 der
176 2441 287 2477 Stadt
301 2442 382 2476 eine
398 2441 646 2485 Gelegenheit
660 2452 723 2475 zur
743 2442 835 2475 Aus-

88 2488 253 2535 ffihrung
274 2489 339 2523 des
360 2488 494 2523 Planes
514 2487 834 2523 herbeiznftihren.

138 2540 192 2572 10.
220 2537 322 2582 esset]
350 2535 425 2571 Der
450 2535 642 2571 feierliehe
668 2534 837 2570 Wunsch

88 2585 184 2630 quod
217 2584 367 2624 bouum,
401 2584 565 2627 faustum
599 2583 758 2627 felixque
788 2583 837 2617 sit

90 2631 209 2667 findet
234 2631 314 2666 sich
341 2631 407 2674 oft,
433 2629 665 2665 narnentlich
691 2629 752 2664 bei
771 2629 836 2664 Et-

93 2678 250 2724 6ffnung
294 2679 395 2713 einer
439 2677 840 2722 Volksversammlung

91 2726 145 2771 (1,
169 2730 224 2770 17,
246 2730 290 2761 10
315 2725 392 2761 und
416 2728 477 2769 28,
499 2729 536 2767 7;
570 2725 607 2772 3,
630 2729 687 2769 54,
709 2727 746 2768 83
774 2725 837 2771 10,

91 2776 124 2816 8,
137 2774 204 2817 12).
245 2774 285 2808 In
305 2772 511 2808 indirekter
530 2772 632 2808 Rede
654 2772 755 2807 steht
774 2773 841 2806 der

93 2819 206 2912 Conj.)
231 2820 381 2866 Imperf.
408 2823 494 2856 esset
522 2819 587 2866 (3,
614 2823 677 2863 34,
704 2823 742 2863 23
774 2818 838 2865 24,

142 2918 196 2949 11.
222 2915 310 2961 fide]
339 2913 604 2957 ‘Redlichkeit,
625 2912 840 2949 Rechtlieh-

910 2105 1123 2142 Gemeinde.

957 2155 1081 2199 quam]
1117 2152 1178 2189 bei
1213 2152 1341 2188 Livius
1377 2152 1557 2187 zuweilen
1594 2163 1661 2187 vor

909 2202 980 2237 den
1015 2201 1259 2246 Komparativ
1292 2199 1394 2245 (hier
1427 2202 1564 2245 massis)
1596 2211 1661 2244 ge-

909 2248 1030 2284 stent:
1063 2248 1101 2295 3,
1125 2252 1181 2294 19,
1201 2251 1242 2292 4;
1275 2247 1315 2295 4,
1336 2252 1394 2291 42,
1416 2252 1454 2291 93
1481 2249 1520 2294 6,
1541 2251 1573 2292 4,
1599 2251 1658 2290 11;

911 2297 929 2332 7
971 2300 1025 2340 15,
1049 2299 1081 2331 8.

935 2321 998 2379 ’in
1023 2344 1225 2379 amicitiam
1247 2373 1254 2379 .
1277 2372 1284 2379 .
1307 2371 1315 2378 .
1343 2344 1386 2378 de
1418 2341 1558 2388 officio]
1587 2340 1659 2376 ob-

909 2391 1009 2426 wohl
1047 2390 1238 2435 Palapolis
1276 2389 1411 2425 vorher
1455 2390 1525 2424 mit
1565 2390 1661 2424 Rom

908 2438 1015 2473 nicht
1034 2438 1243 2473 verbandet
1262 2449 1350 2481 war,
1377 2436 1483 2472 hatte
1505 2448 1541 2472 es
1561 2436 1659 2471 doch

910 2485 971 2521 die
991 2485 1137 2530 Pflicht,
1163 2496 1285 2530 gegen
1306 2486 1372 2519 das
1389 2484 1658 2519 Naehbarvolk

908 2533 1106 2568 friedliche
1120 2533 1197 2567 und
1212 2530 1569 2568 freundschaftliche
1585 2529 1653 2566 Ge-

909 2590 1353 2673 einggnglenpzrtzessglygpnti.
1373 2625 1446 2661 den
1471 2624 1658 2659 Anffihrer

913 2675 978 2711 des
989 2675 1104 2720 Corps
1120 2676 1184 2709 der
1197 2674 1386 2710 Samniten
1406 2673 1442 2707 in
1456 2670 1656 2716 Palapolis.

961 2723 1054 2769 arte]
1083 2739 1128 2752 =
1154 2723 1256 2766 dolo,
1287 2721 1403 2756 durch
1438 2719 1536 2762 List,
1571 2719 1659 2754 Ver-

913 2771 1089 2816 etellung‚
1115 2769 1353 2813 Tauschung.

960 2817 1168 2864 adgressus]
1179 2818 1284 2852 hatte
1299 2816 1394 2851 sich.
1412 2842 1419 2850 .
1436 2842 1444 2851 .
1460 2826 1504 2848 zu
1515 2812 1658 2848 nahem

913 2864 1084 2911 gewusst.

959 2911 1107 2958 sineret]
1145 2910 1337 2947 Demnaeh
1362 2909 1468 2944 hatte
1495 2907 1559 2943 der
1583 2907 1658 2945 An-
