1794 3084
167 91 223 133 86

683 90 825 125 LIBER
850 91 892 126 V.
938 90 1040 127 CAP.
1067 94 1122 126 47.
1149 95 1203 127 48.

1514 108 1540 127 a.
1559 109 1589 127 u.
1609 107 1634 128 c.
1654 102 1715 128 890.

121 211 141 242 6
168 201 262 242 tota
293 200 494 254 prolapsa
522 200 632 241 acies
659 199 703 240 in
728 212 930 253 praeceps
963 198 1127 240 deferri.
1179 199 1326 241 sedato
1352 199 1500 241 deinde
1529 200 1715 242 tumultu

166 259 376 314 reliquum
402 259 549 312 noctis,
575 260 781 312 quantum
807 257 993 299 turbatis
1020 258 1234 299 mentibus
1261 260 1442 313 poterat,
1473 272 1568 300 cum
1594 273 1714 314 prae-

165 319 339 360 teritum
372 332 537 372 quoque
569 316 805 371 periculum
838 316 1104 371 sollicitaret,
1136 317 1267 371 quieti
1300 317 1445 358 datum
1477 320 1554 359 est.

282 376 393 418 Luce
432 380 526 417 orta
559 375 722 417 vocatis
755 375 932 416 classico
966 375 1018 416 ad
1056 376 1281 418 concilium
1313 376 1522 418 militibus
1554 375 1607 418 ad
1638 377 1713 418 tri-

163 435 317 486 bunos,
361 449 455 476 cum
500 437 542 475 et
585 438 697 476 recte
741 437 784 475 et
826 449 1052 488 perperam
1097 434 1209 477 facto
1251 435 1434 489 pretium
1479 435 1713 490 deberetur,

163 493 350 535 Manlius
394 494 579 548 primum
624 494 678 535 ob
722 493 926 535 virtutem
978 493 1174 535 laudatus
1219 493 1484 549 donatusque
1527 508 1615 536 non
1658 495 1711 537 ab

116 564 136 595 8
163 553 347 594 tribunis
382 553 520 594 solum
552 553 749 606 militum,
783 552 855 593 sed
887 566 1097 594 consensu
1132 553 1263 595 etiam
1296 552 1491 609 militari,
1522 555 1590 595 cui
1620 554 1711 596 uni-

162 612 272 653 versi
306 612 485 653 selibras
519 611 642 653 farris
676 615 717 653 et
750 612 991 665 quartarios
1026 612 1112 653 vini
1145 612 1198 653 ad
1230 612 1354 653 aedes
1389 612 1497 666 eius,
1529 627 1638 667 quae
1668 613 1713 654 in

162 685 256 712 arce
296 673 434 724 erant,
477 671 765 713 contulerunt:
811 684 899 712 rem
938 670 1054 712 dictu
1098 686 1295 726 parvam,
1340 674 1527 713 ceterum
1564 671 1713 726 inopia

159 729 320 771 fecerat
364 745 458 771 eam
503 733 802 785 argumentum
846 729 995 785 ingens
1041 730 1251 783 caritatis,
1303 744 1398 772 cum
1443 745 1488 772 se
1532 730 1712 786 quisque

161 789 276 830 victu
310 803 386 831 suo
417 789 621 830 fraudans
653 789 890 830 detractum
916 789 1083 843 corpori
1117 792 1244 844 atque
1277 789 1424 831 usibus
1457 790 1712 832 necessariis

118 387 136 399 Π

123 398 132 419 6

114 859 133 889 9
162 847 214 889 ad
251 849 457 890 honorem
489 849 613 889 unius
646 848 726 888 viri
759 847 981 889 conferret.

88 1381 144 1422 48

111 1628 131 1658 3

1043 849 1136 889 tum
1173 848 1323 903 vigiles
1357 848 1447 890 eius
1488 848 1589 903 loci,
1629 863 1712 903 qua

159 906 371 948 fefellerat
403 907 635 949 ascendens
668 907 814 959 hostis,
846 906 983 960 citati3
1017 909 1060 948 et
1086 921 1181 948 cum
1208 908 1251 948 in
1277 921 1426 948 omnes
1453 922 1570 949 more
1601 907 1711 949 mili-

160 967 244 1007 tari
283 981 326 1008 se
365 966 761 1008 animadversurum
806 964 852 1014 Q.
892 963 1103 1019 Sulpicius
1146 966 1343 1007 tribunus
1386 966 1570 1008 militum
1613 981 1712 1021 pro—

92 1036 134 1067 10
158 1026 418 1079 nuntiasset,
470 1025 763 1067 consentiente
811 1023 996 1066 elamore
1042 1025 1229 1066 militum
1274 1025 1319 1066 in
1362 1040 1492 1066 unum
1537 1025 1712 1080 vigilem

159 1085 430 1126 coicientium
463 1085 633 1138 culpam
666 1084 893 1125 deterritus
927 1098 951 1124 a
983 1084 1136 1125 ceteris
1176 1083 1403 1139 abstinuit,
1439 1099 1559 1126 reum
1598 1084 1712 1127 haud

160 1143 335 1185 dubium
379 1144 468 1185 eius
511 1158 647 1185 noxae
693 1142 1034 1197 approbantibus
1078 1143 1242 1185 cunctis
1294 1143 1344 1184 de
1395 1158 1497 1185 saxo
1547 1143 1712 1186 deiecit.

92 1214 132 1244 11
159 1202 254 1243 inde
287 1203 538 1244 intentiores
570 1203 785 1256 utrimque
818 1201 1033 1243 custodiae
1067 1216 1169 1255 esse,
1203 1205 1244 1243 et
1275 1202 1386 1256 apud
1419 1201 1580 1256 Gallos,
1612 1203 1712 1258 quia

158 1262 382 1316 vulgatum
419 1264 511 1303 erat
548 1262 658 1302 inter
689 1261 819 1302 Veios
857 1261 1123 1315 Romamque
1162 1261 1338 1303 nuntios
1377 1275 1633 1317 commeare,
1670 1264 1713 1304 et

160 1321 271 1374 apud
301 1320 520 1362 Romanos
554 1321 606 1362 ab
639 1320 839 1362 nocturni
870 1320 1048 1375 periculi
1080 1321 1298 1362 memoria.

279 1378 361 1421 Sed
394 1383 491 1422 ante
524 1379 667 1421 omnia
693 1379 931 1421 obsidionis
962 1379 1149 1433 bellique
1176 1380 1291 1421 mala
1316 1379 1452 1421 fames
1485 1381 1711 1435 utrumque

114 1451 133 1480 2
160 1439 391 1480 exercitum
423 1439 622 1494 urgebat,
654 1438 801 1480 Gallos
834 1438 1080 1491 pestilentia
1112 1438 1261 1492 etiam,
1294 1453 1388 1480 cum
1420 1439 1513 1480 loco
1545 1439 1711 1481 iacente

159 1497 271 1538 inter
308 1499 496 1539 tumulos
535 1501 677 1539 castra
714 1497 939 1547 habentes,
983 1499 1074 1538 tum
1117 1497 1169 1538 ab
1211 1497 1419 1539 incendiis
1462 1497 1625 1539 torrido
1669 1501 1713 1539 et

159 1557 331 1611 vaporis
370 1557 497 1611 pleno
536 1558 821 1611 cineremque,
859 1571 946 1597 non
983 1556 1202 1610 pulverem
1241 1556 1366 1598 modo
1398 1557 1577 1610 ferente,
1615 1571 1712 1599 cum

159 1616 259 1670 quid
291 1616 411 1657 venti
442 1618 606 1657 motum
634 1618 758 1658 esset.
806 1630 986 1670 quorum
1015 1615 1400 1657 intolerantissima
1425 1629 1529 1670 gens
1555 1616 1711 1657 umori-

159 1689 239 1728 que
284 1690 331 1716 ac
369 1675 518 1730 frigori
556 1677 726 1716 assueta
763 1689 857 1716 cum
896 1677 1016 1716 aestu
1055 1679 1097 1715 et
1135 1689 1296 1729 angore
1333 1678 1487 1716 vexata
1523 1675 1710 1729 vulgatis

158 1734 275 1775 velut
306 1734 350 1775 in
382 1749 516 1788 pecua
548 1734 708 1775 morbis
746 1735 999 1786 moreretur,
1036 1733 1119 1774 iam
1157 1734 1336 1788 pigritia
1368 1733 1560 1788 singulos
1593 1748 1710 1787 sepe-

158 1792 291 1834 liendi
322 1794 562 1847 promiscue
596 1795 818 1835 acervatos
851 1793 1042 1833 cumulos
1074 1792 1296 1834 hominum
1328 1793 1526 1846 urebant3
1565 1793 1710 1834 busto-

157 1866 336 1906 rumque
368 1853 465 1893 inde
499 1851 764 1894 Gallicorum
795 1851 967 1893 nomine
999 1851 1210 1906 insignem
1242 1852 1383 1893 locum
1414 1851 1561 1893 fecere.

204 1945 245 1978 in
264 1945 454 1990 praeceps]
483 1945 536 1979 ‘in
562 1945 632 1979 den
659 1944 870 1989 Abgrund'.

206 1995 236 2025 6,
265 1994 423 2038 poterat]
458 1992 533 2026 scil.
560 1993 640 2034 sieri
671 1992 719 2035 (d.
747 1992 779 2026 h.
813 1993 894 2026 reli-

158 2049 267 2082 quum
292 2040 406 2073 ‘noctis
431 2040 543 2083 quieti
567 2040 678 2082 dart).

206 2088 236 2119 7.
276 2086 325 2120 ad
362 2087 542 2131 tribunos]
595 2086 658 2120 Die
697 2086 895 2120 Konsular-

157 2132 328 2166 tribunen
355 2133 437 2167 sind
458 2133 528 2167 alle
552 2133 618 2166 auf
640 2134 724 2167 dem
744 2131 895 2177 Kapitol

157 2179 353 2213 anwesend
379 2191 421 2213 zu
447 2179 603 2214 denken.

204 2226 375 2272 militari]
404 2228 495 2261 statt
520 2228 584 2261 des
612 2225 699 2262 Gen.
727 2227 892 2269 militum,

158 2272 289 2307 dessen
339 2273 631 2318 Wiederholung
684 2274 891 2308 vermieden

157 2320 292 2354 wurde.

205 2371 235 2403 8.
287 2367 511 2413 quartarios]

158 2416 269 2458 (etwa
299 2414 335 2459 'fg
364 2414 477 2459 Liter)
505 2416 553 2449 ist
578 2415 641 2449 der
667 2415 783 2449 vierte
810 2414 891 2449 Tei]

158 2461 222 2496 des
235 2463 429 2504 sextarius,
444 2462 562 2496 dieser
572 2463 659 2496 aber
671 2461 735 2496 der
747 2462 890 2497 sechste

157 2508 238 2543 Teil
265 2509 328 2543 des
358 2510 515 2555 conyius.

205 2556 293 2602 rem]
309 2555 532 2601 Apposition
547 2568 629 2590 zum
643 2566 781 2600 ganzen
792 2555 893 2597 Satz3

156 2606 189 2647 4,
219 2607 272 2646 17,
300 2606 331 2638 4.
787 2641 804 2648 „

204 2651 297 2696 eam]
342 2650 428 2685 Man
455 2652 628 2685 erwartet
652 2651 690 2685 id
719 2650 756 2684 in
781 2649 895 2685 Uber-

159 2696 423 2742 einstimmung
437 2697 506 2732 mit
519 2702 783 2742 aryzcmenturn3
800 2697 895 2732 doch

157 2743 206 2778 ist
231 2756 306 2778 eam
331 2744 671 2794 naehdriicklickier.
714 2749 745 2787 3,
772 2748 827 2788 38,
855 2748 891 2786 33

158 2794 190 2833 4,
218 2794 273 2833 28,
300 2795 332 2826 5.

206 2841 237 2871 9.
264 2849 357 2873 more
376 2839 545 2884 militari]
583 2839 668 2883 Vgl.
683 2837 775 2884 Kap.
794 2843 846 2882 19,
861 2842 892 2873 4.

564 2366 637 2401 Der
680 2369 892 2411 quartarius

1017 1948 1070 1978 10.
1096 1943 1210 1989 reum]
1245 1943 1324 1977 hier
1357 1943 1492 1988 Subst.,
1523 1942 1706 1989 ‘Tragern

1017 1994 1070 2025 11.
1097 1991 1158 2037 ab]
1197 1990 1280 2036 Vgl.
1306 1990 1398 2035 Kap.
1426 1994 1457 2034 5,
1485 1995 1516 2027 3.

1014 2037 1078 2073 48.
1124 2043 1154 2073 2.
1201 2039 1295 2072 inter
1325 2038 1496 2084 tumulos]
1538 2055 1582 2066 =
1613 2039 1709 2073 inter

967 2085 1070 2120 eolles
1096 2087 1141 2128 (3,
1171 2089 1201 2128 7,
1229 2088 1277 2129 2).
1319 2084 1446 2119 Livius
1474 2084 1620 2119 scheint
1645 2096 1709 2119 an-

969 2132 1194 2176 zunehmen,
1236 2131 1316 2166 dass
1355 2131 1414 2166 die
1447 2131 1709 2177 Niederungen

968 2179 1126 2223 sumpfig
1151 2189 1285 2222 waren,
1316 2178 1389 2212 und
1417 2177 1496 2213 dass
1521 2179 1588 2214 das
1614 2181 1709 2213 Aus-

965 2226 1144 2261 trocknen
1165 2225 1357 2260 derselben
1374 2225 1505 2260 Fieber
1527 2227 1707 2271 erzeugte.

1011 2273 1166 2318 torrido]
1195 2272 1375 2316 ‘trocken‚
1403 2273 1518 2307 dfirr’.
1555 2276 1587 2316 4,
1609 2277 1664 2317 30,
1685 2276 1706 2308 8

965 2320 1063 2355 circa
1088 2321 1244 2354 torridos
1269 2320 1385 2362 fontes
1412 2321 1584 2365 rivosque.

1011 2367 1159 2412 ferente]
1196 2378 1279 2401 vom
1307 2367 1388 2410 Ort,
1426 2367 1602 2402 ‘welcher
1626 2367 1706 2402 auf-

963 2414 1105 2459 steigen
1130 2413 1241 2449 liess’.

1011 2466 1042 2496 3.
1083 2461 1239 2506 assueta]
1281 2460 1459 2496 zuweilen
1491 2461 1561 2496 mit
1595 2460 1707 2496 Dativ

968 2510 1038 2553 (21,
1069 2512 1123 2552 16,
1151 2513 1188 2550 5;
1216 2512 1271 2552 24,
1292 2512 1348 2551 23,
1377 2511 1419 2543 10
1445 2519 1478 2542 u.
1505 2512 1562 2551 24,
1588 2510 1641 2553 2);
1667 2507 1706 2542 in

967 2557 1138 2590 auderem
1166 2555 1276 2590 Sinne
1303 2556 1392 2600 Kap.
1422 2558 1478 2599 54,
1504 2559 1536 2590 3.

1015 2603 1160 2648 aozyore]
1191 2601 1503 2647 ‘Beangstigung‚
1535 2601 1706 2638 Beklem-

967 2648 1319 2740 ῗᾶἶίὲηὴέἷῖἳξὶἳ
1358 2650 1437 2731 3¹22
1472 2648 1578 2740 {3²⁶³
1628 2649 1705 2684 ”nd

1015 2743 1214 2789 bustorum]
1247 2742 1353 2777 Nach
1372 2747 1429 2787 22,
1452 2746 1506 2787 14,
1526 2747 1567 2777 11
1595 2742 1705 2788 lagen

967 2791 1027 2826 die
1066 2792 1169 2825 busta
1209 2789 1355 2825 Gallica
1391 2789 1525 2824 mitten
1563 2789 1602 2824 in
1639 2789 1705 2826 der

967 2837 1086 2873 Stadt.
1151 2837 1221 2872 Der
1259 2837 1326 2872 Ort
1361 2836 1450 2872 lasst
1486 2836 1564 2872 sich
1601 2836 1705 2873 nicht
