<?xml version="1.0" encoding="UTF-8"?>
<!DOCTYPE html PUBLIC "-//W3C//DTD XHTML 1.0 Transitional//EN"
    "http://www.w3.org/TR/xhtml1/DTD/xhtml1-transitional.dtd">
<html xmlns="http://www.w3.org/1999/xhtml" xml:lang="en" lang="en">
 <head>
  <title>
</title>
<meta http-equiv="Content-Type" content="text/html;charset=utf-8" />
  <meta name='ocr-system' content='tesseract 3.04.00' />
  <meta name='ocr-capabilities' content='ocr_page ocr_carea ocr_par ocr_line ocrx_word'/>
</head>
<body>
  <div class='ocr_page' id='page_1' title='image "./aburbeconditali00livyuoft_0067.png"; bbox 0 0 1794 3084; ppageno 0'>
   <div class='ocr_carea' id='block_1_1' title="bbox 79 140 318 167">
    <p class='ocr_par' dir='ltr' id='par_1_1' title="bbox 79 140 318 167">
     <span class='ocr_line' id='line_1_1' title="bbox 79 140 318 167; baseline -0.004 0"><span class='ocrx_word' id='word_1_1' title='bbox 79 148 104 167; x_wconf 79' lang='lat' dir='ltr'>a.</span> <span class='ocrx_word' id='word_1_2' title='bbox 124 140 190 166; x_wconf 79' lang='lat' dir='ltr'>Chr.</span> <span class='ocrx_word' id='word_1_3' title='bbox 209 148 237 166; x_wconf 89' lang='lat' dir='ltr'>n.</span> <span class='ocrx_word' id='word_1_4' title='bbox 257 141 318 166; x_wconf 73' lang='lat'>394.</span> 
     </span>
    </p>
   </div>
   <div class='ocr_carea' id='block_1_2' title="bbox 79 239 390 294">
    <p class='ocr_par' dir='ltr' id='par_1_2' title="bbox 79 239 390 294">
     <span class='ocr_line' id='line_1_2' title="bbox 79 239 390 294; baseline -0.003 -13"><span class='ocrx_word' id='word_1_5' title='bbox 79 239 200 294; x_wconf 86' lang='lat' dir='ltr'>plebs</span> <span class='ocrx_word' id='word_1_6' title='bbox 243 239 390 281; x_wconf 83' lang='lat' dir='ltr'>valuit.</span> 
     </span>
    </p>
   </div>
   <div class='ocr_carea' id='block_1_3' title="bbox 632 130 1634 171">
    <p class='ocr_par' dir='ltr' id='par_1_3' title="bbox 632 130 1634 171">
     <span class='ocr_line' id='line_1_3' title="bbox 632 130 1634 171; baseline 0.005 -5"><span class='ocrx_word' id='word_1_7' title='bbox 632 130 778 166; x_wconf 78' lang='lat' dir='ltr'><strong>LIBER</strong></span> <span class='ocrx_word' id='word_1_8' title='bbox 802 130 846 167; x_wconf 84' lang='lat' dir='ltr'>V.</span> <span class='ocrx_word' id='word_1_9' title='bbox 892 130 993 166; x_wconf 90' lang='lat' dir='ltr'><strong>CAP.</strong></span> <span class='ocrx_word' id='word_1_10' title='bbox 1019 135 1075 166; x_wconf 82' lang='lat'>29.</span> <span class='ocrx_word' id='word_1_11' title='bbox 1579 130 1634 171; x_wconf 77' lang='lat'>57</span> 
     </span>
    </p>
   </div>
   <div class='ocr_carea' id='block_1_4' title="bbox 459 239 1684 294">
    <p class='ocr_par' dir='ltr' id='par_1_4' title="bbox 459 239 1684 294">
     <span class='ocr_line' id='line_1_4' title="bbox 459 239 1684 294; baseline 0 -14"><span class='ocrx_word' id='word_1_12' title='bbox 459 253 585 294; x_wconf 90' lang='lat' dir='ltr'>quem</span> <span class='ocrx_word' id='word_1_13' title='bbox 629 239 821 282; x_wconf 91' lang='lat' dir='ltr'>dolorem</span> <span class='ocrx_word' id='word_1_14' title='bbox 864 240 944 281; x_wconf 90' lang='lat' dir='ltr'>ulti</span> <span class='ocrx_word' id='word_1_15' title='bbox 987 242 1131 294; x_wconf 88' lang='lat' dir='ltr'>patres</span> <span class='ocrx_word' id='word_1_16' title='bbox 1177 241 1277 281; x_wconf 92' lang='lat' dir='ltr'>sunt</span> <span class='ocrx_word' id='word_1_17' title='bbox 1321 241 1494 281; x_wconf 90' lang='lat' dir='ltr'>senatus</span> <span class='ocrx_word' id='word_1_18' title='bbox 1540 254 1637 281; x_wconf 84' lang='lat' dir='ltr'>con·</span> <span class='ocrx_word' id='word_1_19' title='bbox 1663 250 1684 281; x_wconf 83' lang='lat'><strong>2</strong></span> 
     </span>
    </p>
   </div>
   <div class='ocr_carea' id='block_1_5' title="bbox 81 298 1685 708">
    <p class='ocr_par' dir='ltr' id='par_1_5' title="bbox 81 298 1638 472">
     <span class='ocr_line' id='line_1_5' title="bbox 81 298 1637 354; baseline -0.001 -14"><span class='ocrx_word' id='word_1_20' title='bbox 81 299 194 340; x_wconf 90' lang='lat' dir='ltr'>sulto</span> <span class='ocrx_word' id='word_1_21' title='bbox 225 298 353 352; x_wconf 87' lang='lat' dir='ltr'>facto,</span> <span class='ocrx_word' id='word_1_22' title='bbox 385 302 433 340; x_wconf 91' lang='lat' dir='ltr'>ut</span> <span class='ocrx_word' id='word_1_23' title='bbox 464 299 679 353; x_wconf 86' lang='lat' dir='ltr'>consules,</span> <span class='ocrx_word' id='word_1_24' title='bbox 710 300 874 341; x_wconf 89' lang='lat' dir='ltr'>invisus</span> <span class='ocrx_word' id='word_1_25' title='bbox 906 299 1023 354; x_wconf 93' lang='lat' dir='ltr'>plebi</span> <span class='ocrx_word' id='word_1_26' title='bbox 1057 299 1346 354; x_wconf 74' lang='lat' dir='ltr'><strong>magistratus,</strong></span> <span class='ocrx_word' id='word_1_27' title='bbox 1378 302 1637 340; x_wconf 79' lang='lat' dir='ltr'>crearentur.</span> 
     </span>
     <span class='ocr_line' id='line_1_6' title="bbox 82 356 1638 413; baseline 0 -14"><span class='ocrx_word' id='word_1_28' title='bbox 82 372 240 400; x_wconf 87' lang='lat' dir='ltr'>annum</span> <span class='ocrx_word' id='word_1_29' title='bbox 279 360 379 413; x_wconf 88' lang='lat' dir='ltr'>post</span> <span class='ocrx_word' id='word_1_30' title='bbox 420 358 618 413; x_wconf 90' lang='lat' dir='ltr'>quintum</span> <span class='ocrx_word' id='word_1_31' title='bbox 662 359 874 404; x_wconf 84' lang='lat' dir='ltr'>decimum</span> <span class='ocrx_word' id='word_1_32' title='bbox 918 359 1048 400; x_wconf 88' lang='lat' dir='ltr'>creati</span> <span class='ocrx_word' id='word_1_33' title='bbox 1089 358 1287 400; x_wconf 88' lang='lat' dir='ltr'>consules</span> <span class='ocrx_word' id='word_1_34' title='bbox 1331 357 1377 400; x_wconf 93' lang='lat' dir='ltr'>L.</span> <span class='ocrx_word' id='word_1_35' title='bbox 1415 356 1638 400; x_wconf 88' lang='lat' dir='ltr'>Lucretius</span> 
     </span>
     <span class='ocr_line' id='line_1_7' title="bbox 81 416 915 472; baseline 0.002 -14"><span class='ocrx_word' id='word_1_36' title='bbox 81 416 252 471; x_wconf 87' lang='lat' dir='ltr'>Flavus,</span> <span class='ocrx_word' id='word_1_37' title='bbox 285 416 372 460; x_wconf 86' lang='lat' dir='ltr'>Ser.</span> <span class='ocrx_word' id='word_1_38' title='bbox 407 416 619 472; x_wconf 84' lang='lat' dir='ltr'>Sulpicius</span> <span class='ocrx_word' id='word_1_39' title='bbox 653 416 915 460; x_wconf 82' lang='lat' dir='ltr'>Camerinus.</span> 
     </span>
    </p>

    <p class='ocr_par' dir='ltr' id='par_1_6' title="bbox 81 475 1685 708">
     <span class='ocr_line' id='line_1_8' title="bbox 199 475 1685 531; baseline -0.001 -13"><span class='ocrx_word' id='word_1_40' title='bbox 199 475 416 531; x_wconf 86' lang='lat' dir='ltr'>Principio</span> <span class='ocrx_word' id='word_1_41' title='bbox 458 477 584 518; x_wconf 88' lang='lat' dir='ltr'>huius</span> <span class='ocrx_word' id='word_1_42' title='bbox 628 478 728 518; x_wconf 88' lang='lat' dir='ltr'>anni</span> <span class='ocrx_word' id='word_1_43' title='bbox 772 477 994 530; x_wconf 88' lang='lat' dir='ltr'>ferociter,</span> <span class='ocrx_word' id='word_1_44' title='bbox 1045 477 1144 531; x_wconf 90' lang='lat' dir='ltr'>quia</span> <span class='ocrx_word' id='word_1_45' title='bbox 1188 491 1313 518; x_wconf 90' lang='lat' dir='ltr'>nemo</span> <span class='ocrx_word' id='word_1_46' title='bbox 1358 491 1408 518; x_wconf 86' lang='lat' dir='ltr'>ex</span> <span class='ocrx_word' id='word_1_47' title='bbox 1454 476 1637 531; x_wconf 93' lang='lat' dir='ltr'>collegio</span> <span class='ocrx_word' id='word_1_48' title='bbox 1665 487 1685 517; x_wconf 90' lang='lat'><strong>3</strong></span> 
     </span>
     <span class='ocr_line' id='line_1_9' title="bbox 81 535 1640 590; baseline 0 -13"><span class='ocrx_word' id='word_1_49' title='bbox 81 535 390 578; x_wconf 87' lang='lat' dir='ltr'>intercessurus</span> <span class='ocrx_word' id='word_1_50' title='bbox 417 540 522 588; x_wconf 86' lang='lat' dir='ltr'>erat,</span> <span class='ocrx_word' id='word_1_51' title='bbox 548 537 705 578; x_wconf 84' lang='lat' dir='ltr'>coortis</span> <span class='ocrx_word' id='word_1_52' title='bbox 726 536 778 577; x_wconf 88' lang='lat' dir='ltr'>ad</span> <span class='ocrx_word' id='word_1_53' title='bbox 805 535 1098 590; x_wconf 86' lang='lat' dir='ltr'>perferendam</span> <span class='ocrx_word' id='word_1_54' title='bbox 1126 536 1264 590; x_wconf 88' lang='lat' dir='ltr'>legem</span> <span class='ocrx_word' id='word_1_55' title='bbox 1289 535 1475 577; x_wconf 90' lang='lat' dir='ltr'>tribunis</span> <span class='ocrx_word' id='word_1_56' title='bbox 1502 535 1640 590; x_wconf 90' lang='lat' dir='ltr'>plebis</span> 
     </span>
     <span class='ocr_line' id='line_1_10' title="bbox 81 595 1639 651; baseline 0 -15"><span class='ocrx_word' id='word_1_57' title='bbox 81 609 158 637; x_wconf 93' lang='lat' dir='ltr'>nec</span> <span class='ocrx_word' id='word_1_58' title='bbox 190 596 362 651; x_wconf 89' lang='lat' dir='ltr'>segnius</span> <span class='ocrx_word' id='word_1_59' title='bbox 396 595 449 637; x_wconf 93' lang='lat' dir='ltr'>ob</span> <span class='ocrx_word' id='word_1_60' title='bbox 482 595 524 636; x_wconf 91' lang='lat' dir='ltr'>id</span> <span class='ocrx_word' id='word_1_61' title='bbox 556 595 697 650; x_wconf 89' lang='lat' dir='ltr'>ipsum</span> <span class='ocrx_word' id='word_1_62' title='bbox 730 595 976 637; x_wconf 88' lang='lat' dir='ltr'>consulibus</span> <span class='ocrx_word' id='word_1_63' title='bbox 1011 595 1316 636; x_wconf 74' lang='lat' dir='ltr'>resistentibus</span> <span class='ocrx_word' id='word_1_64' title='bbox 1349 596 1550 650; x_wconf 88' lang='lat' dir='ltr'>omnique</span> <span class='ocrx_word' id='word_1_65' title='bbox 1583 595 1639 636; x_wconf 92' lang='lat' dir='ltr'>ci-</span> 
     </span>
     <span class='ocr_line' id='line_1_11' title="bbox 82 653 1640 708; baseline 0 -12"><span class='ocrx_word' id='word_1_66' title='bbox 82 655 216 696; x_wconf 86' lang='lat' dir='ltr'>vitate</span> <span class='ocrx_word' id='word_1_67' title='bbox 247 655 290 696; x_wconf 92' lang='lat' dir='ltr'>in</span> <span class='ocrx_word' id='word_1_68' title='bbox 323 669 454 696; x_wconf 90' lang='lat' dir='ltr'>unam</span> <span class='ocrx_word' id='word_1_69' title='bbox 487 669 580 695; x_wconf 89' lang='lat' dir='ltr'>eam</span> <span class='ocrx_word' id='word_1_70' title='bbox 612 669 757 696; x_wconf 87' lang='lat' dir='ltr'>curam</span> <span class='ocrx_word' id='word_1_71' title='bbox 789 668 1010 708; x_wconf 88' lang='lat' dir='ltr'>conversa,</span> <span class='ocrx_word' id='word_1_72' title='bbox 1051 654 1277 696; x_wconf 82' lang='lat' dir='ltr'>Vitelliam</span> <span class='ocrx_word' id='word_1_73' title='bbox 1310 654 1526 696; x_wconf 90' lang='lat' dir='ltr'>coloniam</span> <span class='ocrx_word' id='word_1_74' title='bbox 1558 653 1640 696; x_wconf 85' lang='lat' dir='ltr'>Ro-</span> 
     </span>
    </p>
   </div>
   <div class='ocr_carea' id='block_1_6' title="bbox 82 714 1061 769">
    <p class='ocr_par' dir='ltr' id='par_1_7' title="bbox 82 714 1061 769">
     <span class='ocr_line' id='line_1_12' title="bbox 82 714 1061 769; baseline 0.001 -15"><span class='ocrx_word' id='word_1_75' title='bbox 82 728 255 755; x_wconf 89' lang='lat' dir='ltr'>manam</span> <span class='ocrx_word' id='word_1_76' title='bbox 293 714 336 755; x_wconf 90' lang='lat' dir='ltr'>in</span> <span class='ocrx_word' id='word_1_77' title='bbox 374 728 450 756; x_wconf 90' lang='lat' dir='ltr'>suo</span> <span class='ocrx_word' id='word_1_78' title='bbox 489 727 592 768; x_wconf 91' lang='lat' dir='ltr'>agro</span> <span class='ocrx_word' id='word_1_79' title='bbox 625 714 763 768; x_wconf 89' lang='lat' dir='ltr'>Aequi</span> <span class='ocrx_word' id='word_1_80' title='bbox 803 716 1061 769; x_wconf 85' lang='lat' dir='ltr'>expugnant.</span> 
     </span>
    </p>
   </div>
   <div class='ocr_carea' id='block_1_7' title="bbox 1123 713 1687 768">
    <p class='ocr_par' dir='ltr' id='par_1_8' title="bbox 1123 713 1687 768">
     <span class='ocr_line' id='line_1_13' title="bbox 1123 713 1687 768; baseline 0 -14"><span class='ocrx_word' id='word_1_81' title='bbox 1123 713 1373 755; x_wconf 87' lang='lat' dir='ltr'>colonorum</span> <span class='ocrx_word' id='word_1_82' title='bbox 1412 729 1511 768; x_wconf 87' lang='lat' dir='ltr'>pars</span> <span class='ocrx_word' id='word_1_83' title='bbox 1552 728 1640 754; x_wconf 88' lang='lat' dir='ltr'>ma·</span> <span class='ocrx_word' id='word_1_84' title='bbox 1665 723 1687 754; x_wconf 90' lang='lat'>4</span> 
     </span>
    </p>
   </div>
   <div class='ocr_carea' id='block_1_8' title="bbox 82 773 1640 828">
    <p class='ocr_par' dir='ltr' id='par_1_9' title="bbox 82 773 1640 828">
     <span class='ocr_line' id='line_1_14' title="bbox 82 773 1640 828; baseline -0.001 -14"><span class='ocrx_word' id='word_1_85' title='bbox 82 773 198 814; x_wconf 87' lang='lat' dir='ltr'>xima</span> <span class='ocrx_word' id='word_1_86' title='bbox 222 773 461 825; x_wconf 85' lang='lat' dir='ltr'>incolumis,</span> <span class='ocrx_word' id='word_1_87' title='bbox 487 773 588 828; x_wconf 90' lang='lat' dir='ltr'>quia</span> <span class='ocrx_word' id='word_1_88' title='bbox 606 775 733 815; x_wconf 91' lang='lat' dir='ltr'>nocte</span> <span class='ocrx_word' id='word_1_89' title='bbox 759 773 998 827; x_wconf 88' lang='lat' dir='ltr'>proditione</span> <span class='ocrx_word' id='word_1_90' title='bbox 1026 773 1230 827; x_wconf 85' lang='lat' dir='ltr'>oppidum</span> <span class='ocrx_word' id='word_1_91' title='bbox 1257 776 1431 827; x_wconf 85' lang='lat' dir='ltr'>captum</span> <span class='ocrx_word' id='word_1_92' title='bbox 1458 773 1640 814; x_wconf 84' lang='lat' dir='ltr'>liberam</span> 
     </span>
    </p>
   </div>
   <div class='ocr_carea' id='block_1_9' title="bbox 81 831 1418 946">
    <p class='ocr_par' dir='ltr' id='par_1_10' title="bbox 81 831 1418 946">
     <span class='ocr_line' id='line_1_15' title="bbox 81 831 1418 888; baseline 0 -15"><span class='ocrx_word' id='word_1_93' title='bbox 81 846 158 886; x_wconf 90' lang='lat' dir='ltr'>per</span> <span class='ocrx_word' id='word_1_94' title='bbox 195 847 346 874; x_wconf 86' lang='lat' dir='ltr'>aversa</span> <span class='ocrx_word' id='word_1_95' title='bbox 382 832 499 874; x_wconf 83' lang='lat' dir='ltr'>urbis</span> <span class='ocrx_word' id='word_1_96' title='bbox 538 832 686 888; x_wconf 89' lang='lat' dir='ltr'>fugam</span> <span class='ocrx_word' id='word_1_97' title='bbox 725 832 917 887; x_wconf 86' lang='lat' dir='ltr'>dederat,</span> <span class='ocrx_word' id='word_1_98' title='bbox 958 832 1142 874; x_wconf 85' lang='lat' dir='ltr'>Romam</span> <span class='ocrx_word' id='word_1_99' title='bbox 1181 831 1418 887; x_wconf 83' lang='lat' dir='ltr'>perfugere.</span> 
     </span>
     <span class='ocr_line' id='line_1_16' title="bbox 83 891 937 946; baseline 0.001 -14"><span class='ocrx_word' id='word_1_100' title='bbox 83 891 215 933; x_wconf 88' lang='lat' dir='ltr'>cretio</span> <span class='ocrx_word' id='word_1_101' title='bbox 248 892 412 933; x_wconf 88' lang='lat' dir='ltr'>consuli</span> <span class='ocrx_word' id='word_1_102' title='bbox 445 906 495 933; x_wconf 88' lang='lat' dir='ltr'>ea</span> <span class='ocrx_word' id='word_1_103' title='bbox 526 893 751 946; x_wconf 86' lang='lat' dir='ltr'>provincia</span> <span class='ocrx_word' id='word_1_104' title='bbox 783 893 937 934; x_wconf 85' lang='lat' dir='ltr'>evenit.</span> 
     </span>
    </p>
   </div>
   <div class='ocr_carea' id='block_1_10' title="bbox 1479 831 1687 873">
    <p class='ocr_par' dir='ltr' id='par_1_11' title="bbox 1479 831 1687 873">
     <span class='ocr_line' id='line_1_17' title="bbox 1479 831 1687 873; baseline 0 0"><span class='ocrx_word' id='word_1_105' title='bbox 1479 831 1526 873; x_wconf 90' lang='lat' dir='ltr'>L.</span> <span class='ocrx_word' id='word_1_106' title='bbox 1558 831 1640 873; x_wconf 90' lang='lat' dir='ltr'>Lu-</span> <span class='ocrx_word' id='word_1_107' title='bbox 1667 842 1687 873; x_wconf 87' lang='lat'>5</span> 
     </span>
    </p>
   </div>
   <div class='ocr_carea' id='block_1_11' title="bbox 998 892 1640 945">
    <p class='ocr_par' dir='ltr' id='par_1_12' title="bbox 998 892 1640 945">
     <span class='ocr_line' id='line_1_18' title="bbox 998 892 1640 945; baseline -0.002 -12"><span class='ocrx_word' id='word_1_108' title='bbox 998 892 1034 933; x_wconf 91' lang='lat' dir='ltr'>is</span> <span class='ocrx_word' id='word_1_109' title='bbox 1067 906 1163 933; x_wconf 88' lang='lat' dir='ltr'>cum</span> <span class='ocrx_word' id='word_1_110' title='bbox 1197 893 1383 933; x_wconf 81' lang='lat' dir='ltr'>exercitu</span> <span class='ocrx_word' id='word_1_111' title='bbox 1423 892 1640 945; x_wconf 83' lang='lat' dir='ltr'>profectus</span> 
     </span>
    </p>
   </div>
   <div class='ocr_carea' id='block_1_12' title="bbox 83 950 1642 1006">
    <p class='ocr_par' dir='ltr' id='par_1_13' title="bbox 83 950 1642 1006">
     <span class='ocr_line' id='line_1_19' title="bbox 83 950 1642 1006; baseline -0.001 -14"><span class='ocrx_word' id='word_1_112' title='bbox 83 951 172 992; x_wconf 88' lang='lat' dir='ltr'>acie</span> <span class='ocrx_word' id='word_1_113' title='bbox 203 950 352 993; x_wconf 91' lang='lat' dir='ltr'>hostes</span> <span class='ocrx_word' id='word_1_114' title='bbox 390 951 511 1005; x_wconf 86' lang='lat' dir='ltr'>vicit,</span> <span class='ocrx_word' id='word_1_115' title='bbox 551 951 770 1006; x_wconf 88' lang='lat' dir='ltr'>victorque</span> <span class='ocrx_word' id='word_1_116' title='bbox 809 951 992 993; x_wconf 86' lang='lat' dir='ltr'>Romam</span> <span class='ocrx_word' id='word_1_117' title='bbox 1031 951 1084 992; x_wconf 91' lang='lat' dir='ltr'>ad</span> <span class='ocrx_word' id='word_1_118' title='bbox 1121 951 1261 993; x_wconf 89' lang='lat' dir='ltr'>maius</span> <span class='ocrx_word' id='word_1_119' title='bbox 1301 951 1523 1005; x_wconf 89' lang='lat' dir='ltr'>aliquanto</span> <span class='ocrx_word' id='word_1_120' title='bbox 1556 965 1642 992; x_wconf 91' lang='lat' dir='ltr'>cer-</span> 
     </span>
    </p>
   </div>
   <div class='ocr_carea' id='block_1_13' title="bbox 82 1010 396 1052">
    <p class='ocr_par' dir='ltr' id='par_1_14' title="bbox 82 1010 396 1052">
     <span class='ocr_line' id='line_1_20' title="bbox 82 1010 396 1052; baseline 0 -1"><span class='ocrx_word' id='word_1_121' title='bbox 82 1014 230 1052; x_wconf 90' lang='lat' dir='ltr'>tamen</span> <span class='ocrx_word' id='word_1_122' title='bbox 260 1010 396 1052; x_wconf 86' lang='lat' dir='ltr'>rediit.</span> 
     </span>
    </p>
   </div>
   <div class='ocr_carea' id='block_1_14' title="bbox 83 1068 1690 1422">
    <p class='ocr_par' dir='ltr' id='par_1_15' title="bbox 83 1068 1690 1422">
     <span class='ocr_line' id='line_1_21' title="bbox 200 1068 1690 1124; baseline 0 -14"><span class='ocrx_word' id='word_1_123' title='bbox 200 1068 303 1111; x_wconf 89' lang='lat' dir='ltr'>Dies</span> <span class='ocrx_word' id='word_1_124' title='bbox 342 1069 456 1111; x_wconf 88' lang='lat' dir='ltr'>dicta</span> <span class='ocrx_word' id='word_1_125' title='bbox 488 1073 579 1111; x_wconf 87' lang='lat' dir='ltr'>erat</span> <span class='ocrx_word' id='word_1_126' title='bbox 609 1070 795 1111; x_wconf 90' lang='lat' dir='ltr'>tribunis</span> <span class='ocrx_word' id='word_1_127' title='bbox 835 1070 951 1124; x_wconf 90' lang='lat' dir='ltr'>plebi</span> <span class='ocrx_word' id='word_1_128' title='bbox 991 1070 1154 1112; x_wconf 91' lang='lat' dir='ltr'>biennii</span> <span class='ocrx_word' id='word_1_129' title='bbox 1187 1069 1419 1124; x_wconf 87' lang='lat' dir='ltr'>superioris</span> <span class='ocrx_word' id='word_1_130' title='bbox 1452 1070 1502 1111; x_wconf 90' lang='lat' dir='ltr'>A.</span> <span class='ocrx_word' id='word_1_131' title='bbox 1535 1069 1640 1111; x_wconf 84' lang='lat' dir='ltr'>Ver·</span> <span class='ocrx_word' id='word_1_132' title='bbox 1669 1080 1690 1111; x_wconf 82' lang='lat'>6</span> 
     </span>
     <span class='ocr_line' id='line_1_22' title="bbox 83 1128 1643 1184; baseline 0.001 -15"><span class='ocrx_word' id='word_1_133' title='bbox 83 1128 202 1184; x_wconf 90' lang='lat' dir='ltr'>ginio</span> <span class='ocrx_word' id='word_1_134' title='bbox 235 1132 278 1170; x_wconf 91' lang='lat' dir='ltr'>et</span> <span class='ocrx_word' id='word_1_135' title='bbox 304 1128 350 1178; x_wconf 82' lang='lat' dir='ltr'>Q.</span> <span class='ocrx_word' id='word_1_136' title='bbox 377 1128 628 1184; x_wconf 88' lang='lat' dir='ltr'>Pomponio,</span> <span class='ocrx_word' id='word_1_137' title='bbox 660 1144 768 1184; x_wconf 88' lang='lat' dir='ltr'>quos</span> <span class='ocrx_word' id='word_1_138' title='bbox 795 1129 964 1171; x_wconf 80' lang='lat' dir='ltr'>defendi</span> <span class='ocrx_word' id='word_1_139' title='bbox 995 1132 1167 1184; x_wconf 87' lang='lat' dir='ltr'>patrum</span> <span class='ocrx_word' id='word_1_140' title='bbox 1194 1143 1405 1171; x_wconf 90' lang='lat' dir='ltr'>consensu</span> <span class='ocrx_word' id='word_1_141' title='bbox 1431 1129 1484 1170; x_wconf 89' lang='lat' dir='ltr'>ad</span> <span class='ocrx_word' id='word_1_142' title='bbox 1516 1128 1643 1170; x_wconf 88' lang='lat' dir='ltr'>fidem</span> 
     </span>
     <span class='ocr_line' id='line_1_23' title="bbox 85 1188 1643 1243; baseline -0.001 -13"><span class='ocrx_word' id='word_1_143' title='bbox 85 1191 258 1230; x_wconf 89' lang='lat' dir='ltr'>senatus</span> <span class='ocrx_word' id='word_1_144' title='bbox 290 1189 553 1243; x_wconf 69' lang='lat' dir='ltr'>pertinebat,</span> <span class='ocrx_word' id='word_1_145' title='bbox 586 1203 721 1243; x_wconf 90' lang='lat' dir='ltr'>neque</span> <span class='ocrx_word' id='word_1_146' title='bbox 754 1189 868 1230; x_wconf 88' lang='lat' dir='ltr'>enim</span> <span class='ocrx_word' id='word_1_147' title='bbox 896 1203 967 1230; x_wconf 90' lang='lat' dir='ltr'>eos</span> <span class='ocrx_word' id='word_1_148' title='bbox 995 1191 1069 1230; x_wconf 89' lang='lat' dir='ltr'>aut</span> <span class='ocrx_word' id='word_1_149' title='bbox 1095 1189 1210 1230; x_wconf 83' lang='lat' dir='ltr'>vitae</span> <span class='ocrx_word' id='word_1_150' title='bbox 1236 1189 1324 1230; x_wconf 89' lang='lat' dir='ltr'>ullo</span> <span class='ocrx_word' id='word_1_151' title='bbox 1352 1188 1531 1230; x_wconf 90' lang='lat' dir='ltr'>crimine</span> <span class='ocrx_word' id='word_1_152' title='bbox 1559 1189 1643 1230; x_wconf 92' lang='lat' dir='ltr'>alio</span> 
     </span>
     <span class='ocr_line' id='line_1_24' title="bbox 85 1247 1645 1303; baseline 0 -14"><span class='ocrx_word' id='word_1_153' title='bbox 85 1249 159 1288; x_wconf 87' lang='lat' dir='ltr'>aut</span> <span class='ocrx_word' id='word_1_154' title='bbox 191 1247 302 1301; x_wconf 87' lang='lat' dir='ltr'>gesti</span> <span class='ocrx_word' id='word_1_155' title='bbox 334 1248 617 1303; x_wconf 83' lang='lat' dir='ltr'>magistratus</span> <span class='ocrx_word' id='word_1_156' title='bbox 652 1248 879 1303; x_wconf 89' lang='lat' dir='ltr'>quisquam</span> <span class='ocrx_word' id='word_1_157' title='bbox 917 1249 1149 1303; x_wconf 88' lang='lat' dir='ltr'>arguebat,</span> <span class='ocrx_word' id='word_1_158' title='bbox 1190 1251 1491 1302; x_wconf 86' lang='lat' dir='ltr'>praeterquam</span> <span class='ocrx_word' id='word_1_159' title='bbox 1531 1247 1645 1302; x_wconf 89' lang='lat' dir='ltr'>quod</span> 
     </span>
     <span class='ocr_line' id='line_1_25' title="bbox 84 1306 1644 1363; baseline 0.001 -16"><span class='ocrx_word' id='word_1_160' title='bbox 84 1306 378 1362; x_wconf 85' lang='lat' dir='ltr'>gratificantes</span> <span class='ocrx_word' id='word_1_161' title='bbox 435 1308 630 1362; x_wconf 88' lang='lat' dir='ltr'>patribus</span> <span class='ocrx_word' id='word_1_162' title='bbox 692 1307 912 1363; x_wconf 88' lang='lat' dir='ltr'>rogationi</span> <span class='ocrx_word' id='word_1_163' title='bbox 972 1307 1224 1349; x_wconf 86' lang='lat' dir='ltr'>tribuniciae</span> <span class='ocrx_word' id='word_1_164' title='bbox 1285 1307 1644 1349; x_wconf 86' lang='lat' dir='ltr'>intercessissent.</span> 
     </span>
     <span class='ocr_line' id='line_1_26' title="bbox 83 1365 1690 1422; baseline 0 -15"><span class='ocrx_word' id='word_1_165' title='bbox 83 1365 188 1408; x_wconf 85' lang='lat' dir='ltr'>vicit</span> <span class='ocrx_word' id='word_1_166' title='bbox 225 1369 370 1408; x_wconf 85' lang='lat' dir='ltr'>tamen</span> <span class='ocrx_word' id='word_1_167' title='bbox 409 1367 597 1422; x_wconf 85' lang='lat' dir='ltr'>gratiam</span> <span class='ocrx_word' id='word_1_168' title='bbox 636 1370 811 1409; x_wconf 90' lang='lat' dir='ltr'>senatus</span> <span class='ocrx_word' id='word_1_169' title='bbox 850 1366 987 1421; x_wconf 92' lang='lat' dir='ltr'>plebis</span> <span class='ocrx_word' id='word_1_170' title='bbox 1018 1367 1102 1418; x_wconf 87' lang='lat' dir='ltr'>ira,</span> <span class='ocrx_word' id='word_1_171' title='bbox 1141 1369 1184 1408; x_wconf 88' lang='lat' dir='ltr'>et</span> <span class='ocrx_word' id='word_1_172' title='bbox 1221 1367 1408 1422; x_wconf 91' lang='lat' dir='ltr'>pessimo</span> <span class='ocrx_word' id='word_1_173' title='bbox 1448 1366 1644 1421; x_wconf 84' lang='lat' dir='ltr'>exemplo</span> <span class='ocrx_word' id='word_1_174' title='bbox 1672 1377 1690 1407; x_wconf 81' lang='lat'><strong>7</strong></span> 
     </span>
    </p>
   </div>
   <div class='ocr_carea' id='block_1_15' title="bbox 83 1425 1380 1482">
    <p class='ocr_par' dir='ltr' id='par_1_16' title="bbox 83 1425 1380 1482">
     <span class='ocr_line' id='line_1_27' title="bbox 83 1425 1380 1482; baseline 0.001 -16"><span class='ocrx_word' id='word_1_175' title='bbox 83 1425 244 1467; x_wconf 86' lang='lat' dir='ltr'>innoxii</span> <span class='ocrx_word' id='word_1_176' title='bbox 277 1425 397 1467; x_wconf 89' lang='lat' dir='ltr'>denis</span> <span class='ocrx_word' id='word_1_177' title='bbox 429 1426 601 1468; x_wconf 91' lang='lat' dir='ltr'>milibus</span> <span class='ocrx_word' id='word_1_178' title='bbox 636 1427 780 1482; x_wconf 81' lang='lat' dir='ltr'>gravis</span> <span class='ocrx_word' id='word_1_179' title='bbox 814 1427 924 1468; x_wconf 88' lang='lat' dir='ltr'>aeris</span> <span class='ocrx_word' id='word_1_180' title='bbox 958 1426 1235 1468; x_wconf 89' lang='lat' dir='ltr'>condemnati</span> <span class='ocrx_word' id='word_1_181' title='bbox 1268 1428 1380 1467; x_wconf 86' lang='lat' dir='ltr'>sunt.</span> 
     </span>
    </p>
   </div>
   <div class='ocr_carea' id='block_1_16' title="bbox 82 1485 391 1540">
    <p class='ocr_par' dir='ltr' id='par_1_17' title="bbox 82 1485 391 1540">
     <span class='ocr_line' id='line_1_28' title="bbox 82 1485 391 1540; baseline 0.003 -14"><span class='ocrx_word' id='word_1_182' title='bbox 82 1485 200 1539; x_wconf 91' lang='lat' dir='ltr'>passi</span> <span class='ocrx_word' id='word_1_183' title='bbox 234 1488 391 1540; x_wconf 87' lang='lat' dir='ltr'>patres.</span> 
     </span>
    </p>
   </div>
   <div class='ocr_carea' id='block_1_17' title="bbox 1442 1425 1645 1481">
    <p class='ocr_par' dir='ltr' id='par_1_18' title="bbox 1442 1425 1645 1481">
     <span class='ocr_line' id='line_1_29' title="bbox 1442 1425 1645 1481; baseline 0 -14"><span class='ocrx_word' id='word_1_184' title='bbox 1442 1425 1485 1467; x_wconf 87' lang='lat' dir='ltr'>id</span> <span class='ocrx_word' id='word_1_185' title='bbox 1518 1439 1645 1481; x_wconf 88' lang='lat' dir='ltr'>aegre</span> 
     </span>
    </p>
   </div>
   <div class='ocr_carea' id='block_1_18' title="bbox 86 1543 1693 1718">
    <p class='ocr_par' dir='ltr' id='par_1_19' title="bbox 86 1543 1693 1718">
     <span class='ocr_line' id='line_1_30' title="bbox 204 1543 1693 1600; baseline 0 -15"><span class='ocrx_word' id='word_1_186' title='bbox 204 1543 412 1586; x_wconf 84' lang='lat' dir='ltr'>Camillus</span> <span class='ocrx_word' id='word_1_187' title='bbox 454 1545 813 1599; x_wconf 40' lang='lat' dir='ltr'>palamfsceleris</span> <span class='ocrx_word' id='word_1_188' title='bbox 854 1545 1026 1599; x_wconf 89' lang='lat' dir='ltr'>plebem</span> <span class='ocrx_word' id='word_1_189' title='bbox 1069 1559 1267 1600; x_wconf 81' lang='lat' dir='ltr'>arguere,</span> <span class='ocrx_word' id='word_1_190' title='bbox 1311 1558 1418 1599; x_wconf 89' lang='lat' dir='ltr'>quae</span> <span class='ocrx_word' id='word_1_191' title='bbox 1464 1544 1552 1585; x_wconf 92' lang='lat' dir='ltr'>iam</span> <span class='ocrx_word' id='word_1_192' title='bbox 1599 1544 1644 1585; x_wconf 90' lang='lat' dir='ltr'>in</span> <span class='ocrx_word' id='word_1_193' title='bbox 1671 1553 1693 1585; x_wconf 88' lang='grc'>8</span> 
     </span>
     <span class='ocr_line' id='line_1_31' title="bbox 87 1604 1646 1659; baseline 0.001 -15"><span class='ocrx_word' id='word_1_194' title='bbox 87 1617 185 1645; x_wconf 91' lang='lat' dir='ltr'>suos</span> <span class='ocrx_word' id='word_1_195' title='bbox 217 1618 340 1645; x_wconf 86' lang='lat' dir='ltr'>versa</span> <span class='ocrx_word' id='word_1_196' title='bbox 371 1618 460 1645; x_wconf 92' lang='lat' dir='ltr'>non</span> <span class='ocrx_word' id='word_1_197' title='bbox 491 1604 762 1659; x_wconf 86' lang='lat' dir='ltr'>intellegeret</span> <span class='ocrx_word' id='word_1_198' title='bbox 794 1619 837 1646; x_wconf 92' lang='lat' dir='ltr'>se</span> <span class='ocrx_word' id='word_1_199' title='bbox 870 1619 1002 1659; x_wconf 82' lang='lat' dir='ltr'>pravo</span> <span class='ocrx_word' id='word_1_200' title='bbox 1033 1605 1189 1646; x_wconf 89' lang='lat' dir='ltr'>iudicio</span> <span class='ocrx_word' id='word_1_201' title='bbox 1217 1604 1267 1645; x_wconf 89' lang='lat' dir='ltr'>de</span> <span class='ocrx_word' id='word_1_202' title='bbox 1299 1604 1485 1645; x_wconf 88' lang='lat' dir='ltr'>tribunis</span> <span class='ocrx_word' id='word_1_203' title='bbox 1516 1604 1646 1645; x_wconf 86' lang='lat' dir='ltr'>inter-</span> 
     </span>
     <span class='ocr_line' id='line_1_32' title="bbox 86 1662 1645 1718; baseline 0 -14"><span class='ocrx_word' id='word_1_204' title='bbox 86 1662 324 1704; x_wconf 88' lang='lat' dir='ltr'>cessionem</span> <span class='ocrx_word' id='word_1_205' title='bbox 365 1663 605 1718; x_wconf 85' lang='lat' dir='ltr'>sustulisse,</span> <span class='ocrx_word' id='word_1_206' title='bbox 649 1663 956 1706; x_wconf 87' lang='lat' dir='ltr'>intercessione</span> <span class='ocrx_word' id='word_1_207' title='bbox 999 1665 1169 1706; x_wconf 86' lang='lat' dir='ltr'>sublata</span> <span class='ocrx_word' id='word_1_208' title='bbox 1209 1663 1487 1705; x_wconf 86' lang='lat' dir='ltr'>tribuniciam</span> <span class='ocrx_word' id='word_1_209' title='bbox 1528 1665 1645 1718; x_wconf 86' lang='lat' dir='ltr'>pote-</span> 
     </span>
    </p>
   </div>
   <div class='ocr_carea' id='block_1_19' title="bbox 86 1801 832 2928">
    <p class='ocr_par' dir='ltr' id='par_1_20' title="bbox 86 1801 830 1885">
     <span class='ocr_line' id='line_1_33' title="bbox 86 1801 830 1848; baseline 0.004 -13"><span class='ocrx_word' id='word_1_210' title='bbox 86 1801 210 1836; x_wconf 83' lang='lat' dir='ltr'>trizier</span> <span class='ocrx_word' id='word_1_211' title='bbox 248 1802 570 1846; x_wconf 80' lang='lat' dir='ltr'>zusammenhielt,</span> <span class='ocrx_word' id='word_1_212' title='bbox 610 1803 670 1838; x_wconf 90' lang='lat' dir='ltr'>die</span> <span class='ocrx_word' id='word_1_213' title='bbox 708 1804 830 1848; x_wconf 80' lang='lat' dir='ltr'>grosse</span> 
     </span>
     <span class='ocr_line' id='line_1_34' title="bbox 86 1847 733 1885; baseline 0.005 -3"><span class='ocrx_word' id='word_1_214' title='bbox 86 1847 277 1884; x_wconf 80' lang='lat' dir='ltr'>Mehrheit</span> <span class='ocrx_word' id='word_1_215' title='bbox 302 1849 368 1884; x_wconf 90' lang='lat' dir='ltr'>der</span> <span class='ocrx_word' id='word_1_216' title='bbox 395 1849 574 1884; x_wconf 81' lang='lat' dir='ltr'>Stimmen</span> <span class='ocrx_word' id='word_1_217' title='bbox 605 1850 733 1885; x_wconf 84' lang='lat' dir='ltr'>besass.</span> 
     </span>
    </p>

    <p class='ocr_par' dir='ltr' id='par_1_21' title="bbox 89 1897 831 1989">
     <span class='ocr_line' id='line_1_35' title="bbox 136 1897 831 1942; baseline 0.006 -12"><span class='ocrx_word' id='word_1_218' title='bbox 136 1899 168 1931; x_wconf 85' lang='lat'>2.</span> <span class='ocrx_word' id='word_1_219' title='bbox 202 1907 304 1941; x_wconf 79' lang='lat' dir='ltr'>quem</span> <span class='ocrx_word' id='word_1_220' title='bbox 328 1897 499 1942; x_wconf 80' lang='lat' dir='ltr'>dolorem]</span> <span class='ocrx_word' id='word_1_221' title='bbox 538 1914 582 1926; x_wconf 93' lang='lat'><strong><em>=</em></strong></span> <span class='ocrx_word' id='word_1_222' title='bbox 607 1899 764 1933; x_wconf 77' lang='lat' dir='ltr'>dolorem</span> <span class='ocrx_word' id='word_1_223' title='bbox 788 1899 831 1934; x_wconf 83' lang='lat' dir='ltr'>cle</span> 
     </span>
     <span class='ocr_line' id='line_1_36' title="bbox 89 1943 473 1989; baseline -0.003 -11"><span class='ocrx_word' id='word_1_224' title='bbox 89 1955 131 1979; x_wconf 88' lang='lat' dir='ltr'>ea</span> <span class='ocrx_word' id='word_1_225' title='bbox 155 1955 202 1979; x_wconf 89' lang='lat' dir='ltr'>re.</span> <span class='ocrx_word' id='word_1_226' title='bbox 241 1943 332 1989; x_wconf 87' lang='lat' dir='ltr'>Kap.</span> <span class='ocrx_word' id='word_1_227' title='bbox 360 1947 415 1987; x_wconf 82' lang='grc'>25,</span> <span class='ocrx_word' id='word_1_228' title='bbox 444 1948 473 1978; x_wconf 81' lang='grc'>7.</span> 
     </span>
    </p>

    <p class='ocr_par' dir='ltr' id='par_1_22' title="bbox 86 1991 829 2133">
     <span class='ocr_line' id='line_1_37' title="bbox 135 1991 828 2038; baseline 0.003 -12"><span class='ocrx_word' id='word_1_229' title='bbox 135 1994 281 2026; x_wconf 77' lang='lat' dir='ltr'>senatus</span> <span class='ocrx_word' id='word_1_230' title='bbox 319 1991 496 2038; x_wconf 70' lang='lat' dir='ltr'>consulto]</span> <span class='ocrx_word' id='word_1_231' title='bbox 544 1991 628 2037; x_wconf 89' lang='lat' dir='ltr'>Vgl.</span> <span class='ocrx_word' id='word_1_232' title='bbox 661 2004 704 2026; x_wconf 87' lang='lat' dir='ltr'>zu</span> <span class='ocrx_word' id='word_1_233' title='bbox 735 1992 828 2038; x_wconf 87' lang='lat' dir='ltr'>Kap.</span> 
     </span>
     <span class='ocr_line' id='line_1_38' title="bbox 88 2037 829 2081; baseline 0.005 -9"><span class='ocrx_word' id='word_1_234' title='bbox 88 2042 120 2081; x_wconf 87' lang='lat'>1,</span> <span class='ocrx_word' id='word_1_235' title='bbox 147 2042 178 2073; x_wconf 83' lang='lat'>2.</span> <span class='ocrx_word' id='word_1_236' title='bbox 230 2037 282 2072; x_wconf 92' lang='lat' dir='ltr'>Im</span> <span class='ocrx_word' id='word_1_237' title='bbox 309 2038 342 2073; x_wconf 83' lang='lat' dir='ltr'>J.</span> <span class='ocrx_word' id='word_1_238' title='bbox 363 2042 431 2073; x_wconf 88' lang='grc'>409</span> <span class='ocrx_word' id='word_1_239' title='bbox 457 2051 490 2073; x_wconf 88' lang='lat' dir='ltr'>v.</span> <span class='ocrx_word' id='word_1_240' title='bbox 512 2038 590 2074; x_wconf 84' lang='lat' dir='ltr'>Chr.</span> <span class='ocrx_word' id='word_1_241' title='bbox 621 2051 744 2075; x_wconf 85' lang='lat' dir='ltr'>waren</span> <span class='ocrx_word' id='word_1_242' title='bbox 770 2041 829 2076; x_wconf 91' lang='lat' dir='ltr'>die</span> 
     </span>
     <span class='ocr_line' id='line_1_39' title="bbox 86 2085 829 2133; baseline 0.004 -13"><span class='ocrx_word' id='word_1_243' title='bbox 86 2085 223 2121; x_wconf 82' lang='lat' dir='ltr'>letzten</span> <span class='ocrx_word' id='word_1_244' title='bbox 248 2086 414 2121; x_wconf 86' lang='lat' dir='ltr'>Konsuln</span> <span class='ocrx_word' id='word_1_245' title='bbox 440 2085 491 2120; x_wconf 91' lang='lat' dir='ltr'>im</span> <span class='ocrx_word' id='word_1_246' title='bbox 512 2088 622 2122; x_wconf 88' lang='lat' dir='ltr'>Amte</span> <span class='ocrx_word' id='word_1_247' title='bbox 648 2099 829 2133; x_wconf 82' lang='lat' dir='ltr'>gewesen.</span> 
     </span>
    </p>

    <p class='ocr_par' dir='ltr' id='par_1_23' title="bbox 86 2132 831 2275">
     <span class='ocr_line' id='line_1_40' title="bbox 135 2132 831 2179; baseline 0.003 -11"><span class='ocrx_word' id='word_1_248' title='bbox 135 2132 180 2168; x_wconf 89' lang='lat' dir='ltr'>L.</span> <span class='ocrx_word' id='word_1_249' title='bbox 215 2133 424 2179; x_wconf 80' lang='lat' dir='ltr'>Lueretius]</span> <span class='ocrx_word' id='word_1_250' title='bbox 471 2134 521 2168; x_wconf 89' lang='lat' dir='ltr'>Er</span> <span class='ocrx_word' id='word_1_251' title='bbox 558 2145 633 2169; x_wconf 85' lang='lat' dir='ltr'>war</span> <span class='ocrx_word' id='word_1_252' title='bbox 669 2136 831 2170; x_wconf 87' lang='lat' dir='ltr'>nachher</span> 
     </span>
     <span class='ocr_line' id='line_1_41' title="bbox 86 2180 830 2227; baseline 0.004 -12"><span class='ocrx_word' id='word_1_253' title='bbox 86 2180 244 2216; x_wconf 82' lang='lat' dir='ltr'>viermal</span> <span class='ocrx_word' id='word_1_254' title='bbox 267 2181 581 2216; x_wconf 83' lang='lat' dir='ltr'>Kousulartribun</span> <span class='ocrx_word' id='word_1_255' title='bbox 613 2184 715 2227; x_wconf 80' lang='lat'>(391,</span> <span class='ocrx_word' id='word_1_256' title='bbox 750 2186 830 2226; x_wconf 89' lang='grc'>388,</span> 
     </span>
     <span class='ocr_line' id='line_1_42' title="bbox 88 2228 829 2275; baseline 0.004 -13"><span class='ocrx_word' id='word_1_257' title='bbox 88 2231 167 2271; x_wconf 88' lang='grc'>383,</span> <span class='ocrx_word' id='word_1_258' title='bbox 183 2230 278 2272; x_wconf 90' lang='grc'>381),</span> <span class='ocrx_word' id='word_1_259' title='bbox 293 2228 366 2264; x_wconf 83' lang='lat' dir='ltr'>Ser.</span> <span class='ocrx_word' id='word_1_260' title='bbox 378 2229 566 2274; x_wconf 80' lang='lat' dir='ltr'>Sulpicius</span> <span class='ocrx_word' id='word_1_261' title='bbox 580 2230 829 2275; x_wconf 86' lang='lat' dir='ltr'>einmal(391).</span> 
     </span>
    </p>

    <p class='ocr_par' dir='ltr' id='par_1_24' title="bbox 87 2275 831 2359">
     <span class='ocr_line' id='line_1_43' title="bbox 135 2275 831 2323; baseline 0.004 -13"><span class='ocrx_word' id='word_1_262' title='bbox 135 2279 168 2311; x_wconf 89' lang='lat'>3.</span> <span class='ocrx_word' id='word_1_263' title='bbox 201 2275 400 2323; x_wconf 74' lang='lat' dir='ltr'>Vitelliam]</span> <span class='ocrx_word' id='word_1_264' title='bbox 438 2289 482 2312; x_wconf 90' lang='lat' dir='ltr'>zu</span> <span class='ocrx_word' id='word_1_265' title='bbox 514 2277 606 2322; x_wconf 83' lang='lat' dir='ltr'>Kap.</span> <span class='ocrx_word' id='word_1_266' title='bbox 634 2282 696 2321; x_wconf 83' lang='lat'>24,</span> <span class='ocrx_word' id='word_1_267' title='bbox 723 2282 744 2312; x_wconf 87' lang='grc'>4</span> <span class='ocrx_word' id='word_1_268' title='bbox 778 2290 831 2313; x_wconf 88' lang='lat' dir='ltr'>er-</span> 
     </span>
     <span class='ocr_line' id='line_1_44' title="bbox 87 2323 225 2359; baseline 0.007 -1"><span class='ocrx_word' id='word_1_269' title='bbox 87 2323 225 2359; x_wconf 59' lang='lat' dir='ltr'>withnt.</span> 
     </span>
    </p>

    <p class='ocr_par' dir='ltr' id='par_1_25' title="bbox 87 2371 832 2501">
     <span class='ocr_line' id='line_1_45' title="bbox 135 2371 827 2417; baseline 0.004 -12"><span class='ocrx_word' id='word_1_270' title='bbox 135 2373 168 2405; x_wconf 84' lang='lat'>4.</span> <span class='ocrx_word' id='word_1_271' title='bbox 195 2371 358 2417; x_wconf 78' lang='lat' dir='ltr'>captum]</span> <span class='ocrx_word' id='word_1_272' title='bbox 393 2371 472 2406; x_wconf 71' lang='lat' dir='ltr'>‘der</span> <span class='ocrx_word' id='word_1_273' title='bbox 498 2371 698 2417; x_wconf 79' lang='lat' dir='ltr'>Umstand,</span> <span class='ocrx_word' id='word_1_274' title='bbox 730 2372 827 2408; x_wconf 83' lang='lat' dir='ltr'>dass’</span> 
     </span>
     <span class='ocr_line' id='line_1_46' title="bbox 90 2417 832 2464; baseline 0.001 -11"><span class='ocrx_word' id='word_1_275' title='bbox 90 2417 181 2453; x_wconf 89' lang='lat' dir='ltr'>oder</span> <span class='ocrx_word' id='word_1_276' title='bbox 226 2418 525 2464; x_wconf 71' lang='lat' dir='ltr'>‘eingenommen</span> <span class='ocrx_word' id='word_1_277' title='bbox 563 2419 711 2456; x_wconf 85' lang='lat' dir='ltr'>worden</span> <span class='ocrx_word' id='word_1_278' title='bbox 755 2431 832 2455; x_wconf 83' lang='lat' dir='ltr'>war</span> 
     </span>
     <span class='ocr_line' id='line_1_47' title="bbox 87 2465 546 2501; baseline 0.004 -2"><span class='ocrx_word' id='word_1_279' title='bbox 87 2466 164 2499; x_wconf 89' lang='lat' dir='ltr'>und</span> <span class='ocrx_word' id='word_1_280' title='bbox 190 2465 312 2501; x_wconf 86' lang='lat' dir='ltr'>dieser</span> <span class='ocrx_word' id='word_1_281' title='bbox 334 2465 546 2501; x_wconf 84' lang='lat' dir='ltr'>Umstand’.</span> 
     </span>
    </p>

    <p class='ocr_par' dir='ltr' id='par_1_26' title="bbox 89 2514 832 2928">
     <span class='ocr_line' id='line_1_48' title="bbox 137 2514 832 2560; baseline 0 -12"><span class='ocrx_word' id='word_1_282' title='bbox 137 2524 203 2557; x_wconf 75' lang='lat' dir='ltr'>per</span> <span class='ocrx_word' id='word_1_283' title='bbox 227 2524 354 2549; x_wconf 83' lang='lat' dir='ltr'>aversa</span> <span class='ocrx_word' id='word_1_284' title='bbox 378 2514 496 2560; x_wconf 81' lang='lat' dir='ltr'>urbis]</span> <span class='ocrx_word' id='word_1_285' title='bbox 527 2514 609 2548; x_wconf 83' lang='lat' dir='ltr'>‘auf</span> <span class='ocrx_word' id='word_1_286' title='bbox 625 2514 690 2549; x_wconf 86' lang='lat' dir='ltr'>der</span> <span class='ocrx_word' id='word_1_287' title='bbox 709 2514 832 2549; x_wconf 78' lang='lat' dir='ltr'>Rfick-</span> 
     </span>
     <span class='ocr_line' id='line_1_49' title="bbox 89 2560 830 2608; baseline 0.004 -14"><span class='ocrx_word' id='word_1_288' title='bbox 89 2560 182 2595; x_wconf 85' lang='lat' dir='ltr'>seite</span> <span class='ocrx_word' id='word_1_289' title='bbox 215 2561 280 2595; x_wconf 88' lang='lat' dir='ltr'>der</span> <span class='ocrx_word' id='word_1_290' title='bbox 315 2560 460 2608; x_wconf 69' lang='lat' dir='ltr'>Stadt3‚</span> <span class='ocrx_word' id='word_1_291' title='bbox 495 2561 619 2597; x_wconf 89' lang='lat' dir='ltr'>indem</span> <span class='ocrx_word' id='word_1_292' title='bbox 647 2562 830 2607; x_wconf 87' lang='lat' dir='ltr'>diejenige</span> 
     </span>
     <span class='ocr_line' id='line_1_50' title="bbox 89 2600 830 2654; baseline 0.003 -12"><span class='ocrx_word' id='word_1_293' title='bbox 89 2606 206 2651; x_wconf 78' lang='lat' dir='ltr'>Seite,</span> <span class='ocrx_word' id='word_1_294' title='bbox 238 2619 295 2643; x_wconf 86' lang='lat' dir='ltr'>wo</span> <span class='ocrx_word' id='word_1_295' title='bbox 331 2608 391 2643; x_wconf 90' lang='lat' dir='ltr'>die</span> <span class='ocrx_word' id='word_1_296' title='bbox 422 2600 548 2653; x_wconf 71' lang='lat' dir='ltr'>Aquer</span> <span class='ocrx_word' id='word_1_297' title='bbox 591 2609 830 2654; x_wconf 86' lang='lat' dir='ltr'>eindrangen‚</span> 
     </span>
     <span class='ocr_line' id='line_1_51' title="bbox 90 2654 830 2693; baseline 0.005 -4"><span class='ocrx_word' id='word_1_298' title='bbox 90 2655 144 2690; x_wconf 85' lang='lat' dir='ltr'>als</span> <span class='ocrx_word' id='word_1_299' title='bbox 186 2654 422 2691; x_wconf 87' lang='lat' dir='ltr'>Vorderseite</span> <span class='ocrx_word' id='word_1_300' title='bbox 476 2656 686 2692; x_wconf 82' lang='lat' dir='ltr'>betrachtet</span> <span class='ocrx_word' id='word_1_301' title='bbox 728 2657 830 2693; x_wconf 86' lang='lat' dir='ltr'>wird.</span> 
     </span>
     <span class='ocr_line' id='line_1_52' title="bbox 90 2704 829 2747; baseline 0.003 -11"><span class='ocrx_word' id='word_1_302' title='bbox 90 2705 147 2744; x_wconf 84' lang='grc'>37,</span> <span class='ocrx_word' id='word_1_303' title='bbox 162 2706 219 2746; x_wconf 81' lang='grc'>27,</span> <span class='ocrx_word' id='word_1_304' title='bbox 234 2706 254 2737; x_wconf 91' lang='grc'>2</span> <span class='ocrx_word' id='word_1_305' title='bbox 275 2704 501 2739; x_wconf 79' lang='lat' dir='ltr'>circumvecti</span> <span class='ocrx_word' id='word_1_306' title='bbox 521 2705 566 2739; x_wconf 84' lang='lat' dir='ltr'>ab</span> <span class='ocrx_word' id='word_1_307' title='bbox 585 2705 673 2739; x_wconf 80' lang='lat' dir='ltr'>urbe</span> <span class='ocrx_word' id='word_1_308' title='bbox 688 2704 829 2747; x_wconf 82' lang='lat' dir='ltr'>(Samo)</span> 
     </span>
     <span class='ocr_line' id='line_1_53' title="bbox 90 2749 829 2795; baseline 0.001 -11"><span class='ocrx_word' id='word_1_309' title='bbox 90 2749 139 2784; x_wconf 80' lang='lat' dir='ltr'>ad</span> <span class='ocrx_word' id='word_1_310' title='bbox 164 2761 289 2786; x_wconf 79' lang='lat' dir='ltr'>aversa</span> <span class='ocrx_word' id='word_1_311' title='bbox 315 2751 474 2795; x_wconf 52' lang='lat' dir='ltr'>insulam</span> <span class='ocrx_word' id='word_1_312' title='bbox 501 2751 596 2786; x_wconf 91' lang='lat' dir='ltr'>Vell.</span> <span class='ocrx_word' id='word_1_313' title='bbox 621 2755 653 2795; x_wconf 91' lang='grc'>2,</span> <span class='ocrx_word' id='word_1_314' title='bbox 682 2755 724 2787; x_wconf 87' lang='grc'>63</span> <span class='ocrx_word' id='word_1_315' title='bbox 751 2753 829 2786; x_wconf 79' lang='lat' dir='ltr'>An-</span> 
     </span>
     <span class='ocr_line' id='line_1_54' title="bbox 90 2797 831 2842; baseline 0.003 -11"><span class='ocrx_word' id='word_1_316' title='bbox 90 2797 212 2832; x_wconf 77' lang='lat' dir='ltr'>tonius</span> <span class='ocrx_word' id='word_1_317' title='bbox 231 2809 300 2842; x_wconf 79' lang='lat' dir='ltr'>per</span> <span class='ocrx_word' id='word_1_318' title='bbox 325 2809 452 2833; x_wconf 81' lang='lat' dir='ltr'>aversa</span> <span class='ocrx_word' id='word_1_319' title='bbox 476 2802 676 2834; x_wconf 75' lang='lat' dir='ltr'>castrorum</span> <span class='ocrx_word' id='word_1_320' title='bbox 695 2811 719 2834; x_wconf 85' lang='grc' dir='ltr'><em>α</em></span> <span class='ocrx_word' id='word_1_321' title='bbox 738 2800 831 2833; x_wconf 79' lang='lat' dir='ltr'>mili-</span> 
     </span>
     <span class='ocr_line' id='line_1_55' title="bbox 89 2844 829 2890; baseline 0.003 -12"><span class='ocrx_word' id='word_1_322' title='bbox 89 2844 189 2879; x_wconf 70' lang='lat' dir='ltr'>tibus</span> <span class='ocrx_word' id='word_1_323' title='bbox 214 2849 375 2889; x_wconf 77' lang='lat' dir='ltr'>receptus</span> <span class='ocrx_word' id='word_1_324' title='bbox 399 2849 466 2889; x_wconf 72' lang='lat' dir='ltr'>est,</span> <span class='ocrx_word' id='word_1_325' title='bbox 491 2845 588 2881; x_wconf 89' lang='lat' dir='ltr'>Plin.</span> <span class='ocrx_word' id='word_1_326' title='bbox 614 2857 648 2882; x_wconf 91' lang='lat' dir='ltr'>n.</span> <span class='ocrx_word' id='word_1_327' title='bbox 675 2845 710 2882; x_wconf 86' lang='lat' dir='ltr'>h.</span> <span class='ocrx_word' id='word_1_328' title='bbox 731 2850 765 2890; x_wconf 89' lang='lat'>4,</span> <span class='ocrx_word' id='word_1_329' title='bbox 786 2850 829 2881; x_wconf 90' lang='lat'>41</span> 
     </span>
     <span class='ocr_line' id='line_1_56' title="bbox 91 2891 388 2928; baseline 0.007 -2"><span class='ocrx_word' id='word_1_330' title='bbox 91 2902 219 2927; x_wconf 83' lang='lat' dir='ltr'>aversa</span> <span class='ocrx_word' id='word_1_331' title='bbox 243 2891 388 2928; x_wconf 81' lang='lat' dir='ltr'>Haemi.</span> 
     </span>
    </p>
   </div>
   <div class='ocr_carea' id='block_1_20' title="bbox 902 1802 1651 2940">
    <p class='ocr_par' dir='ltr' id='par_1_27' title="bbox 902 1802 1647 1980">
     <span class='ocr_line' id='line_1_57' title="bbox 952 1802 1646 1848; baseline -0.001 -10"><span class='ocrx_word' id='word_1_332' title='bbox 952 1808 983 1838; x_wconf 87' lang='lat'>5.</span> <span class='ocrx_word' id='word_1_333' title='bbox 1009 1803 1112 1848; x_wconf 74' lang='lat' dir='ltr'>vicit]</span> <span class='ocrx_word' id='word_1_334' title='bbox 1140 1803 1296 1838; x_wconf 82' lang='lat' dir='ltr'>Vitellia</span> <span class='ocrx_word' id='word_1_335' title='bbox 1315 1802 1442 1837; x_wconf 88' lang='lat' dir='ltr'>wurde</span> <span class='ocrx_word' id='word_1_336' title='bbox 1463 1802 1563 1838; x_wconf 84' lang='lat' dir='ltr'>wohl</span> <span class='ocrx_word' id='word_1_337' title='bbox 1588 1815 1646 1837; x_wconf 90' lang='lat' dir='ltr'>zu-</span> 
     </span>
     <span class='ocr_line' id='line_1_58' title="bbox 902 1849 1646 1896; baseline 0 -12"><span class='ocrx_word' id='word_1_338' title='bbox 902 1850 1160 1893; x_wconf 74' lang='lat' dir='ltr'>riickerobert3</span> <span class='ocrx_word' id='word_1_339' title='bbox 1187 1850 1247 1885; x_wconf 89' lang='lat' dir='ltr'>die</span> <span class='ocrx_word' id='word_1_340' title='bbox 1268 1850 1379 1885; x_wconf 80' lang='lat' dir='ltr'>Stadt</span> <span class='ocrx_word' id='word_1_341' title='bbox 1396 1849 1488 1884; x_wconf 83' lang='lat' dir='ltr'>wird</span> <span class='ocrx_word' id='word_1_342' title='bbox 1506 1849 1646 1896; x_wconf 85' lang='lat' dir='ltr'>jedoch</span> 
     </span>
     <span class='ocr_line' id='line_1_59' title="bbox 904 1896 1647 1942; baseline 0 -11"><span class='ocrx_word' id='word_1_343' title='bbox 904 1896 1040 1941; x_wconf 85' lang='lat' dir='ltr'>(ausser</span> <span class='ocrx_word' id='word_1_344' title='bbox 1073 1897 1171 1933; x_wconf 77' lang='lat' dir='ltr'>Suet.</span> <span class='ocrx_word' id='word_1_345' title='bbox 1200 1897 1274 1932; x_wconf 81' lang='lat' dir='ltr'>vit.</span> <span class='ocrx_word' id='word_1_346' title='bbox 1305 1900 1338 1942; x_wconf 90' lang='lat'>1)</span> <span class='ocrx_word' id='word_1_347' title='bbox 1376 1896 1482 1932; x_wconf 91' lang='lat' dir='ltr'>nicht</span> <span class='ocrx_word' id='word_1_348' title='bbox 1517 1897 1647 1932; x_wconf 85' lang='lat' dir='ltr'>weiter</span> 
     </span>
     <span class='ocr_line' id='line_1_60' title="bbox 904 1945 1082 1980; baseline -0.006 0"><span class='ocrx_word' id='word_1_349' title='bbox 904 1945 1082 1980; x_wconf 69' lang='lat' dir='ltr'>erwahnt.</span> 
     </span>
    </p>

    <p class='ocr_par' dir='ltr' id='par_1_28' title="bbox 903 1991 1647 2123">
     <span class='ocr_line' id='line_1_61' title="bbox 952 1991 1647 2038; baseline -0.001 -11"><span class='ocrx_word' id='word_1_350' title='bbox 952 1997 982 2027; x_wconf 83' lang='grc'>6.</span> <span class='ocrx_word' id='word_1_351' title='bbox 1023 1993 1163 2027; x_wconf 75' lang='lat' dir='ltr'>biennii</span> <span class='ocrx_word' id='word_1_352' title='bbox 1192 1992 1409 2038; x_wconf 76' lang='lat' dir='ltr'>superioris]</span> <span class='ocrx_word' id='word_1_353' title='bbox 1446 1992 1511 2027; x_wconf 90' lang='lat' dir='ltr'>der</span> <span class='ocrx_word' id='word_1_354' title='bbox 1535 1991 1647 2026; x_wconf 87' lang='lat' dir='ltr'>Jahre</span> 
     </span>
     <span class='ocr_line' id='line_1_62' title="bbox 903 2038 1645 2086; baseline 0 -13"><span class='ocrx_word' id='word_1_355' title='bbox 903 2042 971 2075; x_wconf 79' lang='lat'>395</span> <span class='ocrx_word' id='word_1_356' title='bbox 998 2051 1031 2074; x_wconf 84' lang='lat' dir='ltr'>n.</span> <span class='ocrx_word' id='word_1_357' title='bbox 1059 2043 1128 2074; x_wconf 88' lang='lat'>394</span> <span class='ocrx_word' id='word_1_358' title='bbox 1148 2052 1181 2075; x_wconf 88' lang='lat' dir='ltr'>v.</span> <span class='ocrx_word' id='word_1_359' title='bbox 1203 2038 1304 2081; x_wconf 84' lang='lat' dir='ltr'>Chr.;</span> <span class='ocrx_word' id='word_1_360' title='bbox 1331 2040 1406 2086; x_wconf 87' lang='lat' dir='ltr'>vgl.</span> <span class='ocrx_word' id='word_1_361' title='bbox 1433 2039 1525 2084; x_wconf 87' lang='lat' dir='ltr'>Kap.</span> <span class='ocrx_word' id='word_1_362' title='bbox 1547 2043 1603 2083; x_wconf 85' lang='lat'>25,</span> <span class='ocrx_word' id='word_1_363' title='bbox 1628 2043 1645 2073; x_wconf 95' lang='grc'>1</span> 
     </span>
     <span class='ocr_line' id='line_1_63' title="bbox 904 2092 1020 2123; baseline 0.017 -2"><span class='ocrx_word' id='word_1_364' title='bbox 904 2099 937 2122; x_wconf 92' lang='lat' dir='ltr'>u.</span> <span class='ocrx_word' id='word_1_365' title='bbox 969 2092 1020 2123; x_wconf 89' lang='lat'>13.</span> 
     </span>
    </p>

    <p class='ocr_par' dir='ltr' id='par_1_29' title="bbox 903 2133 1647 2218">
     <span class='ocr_line' id='line_1_64' title="bbox 951 2133 1647 2181; baseline -0.001 -11"><span class='ocrx_word' id='word_1_366' title='bbox 951 2135 1139 2181; x_wconf 81' lang='lat' dir='ltr'>consensu]</span> <span class='ocrx_word' id='word_1_367' title='bbox 1174 2147 1217 2170; x_wconf 91' lang='lat' dir='ltr'>zu</span> <span class='ocrx_word' id='word_1_368' title='bbox 1242 2135 1447 2170; x_wconf 82' lang='lat' dir='ltr'>verbinden</span> <span class='ocrx_word' id='word_1_369' title='bbox 1471 2133 1543 2169; x_wconf 80' lang='lat' dir='ltr'>mit</span> <span class='ocrx_word' id='word_1_370' title='bbox 1562 2145 1647 2179; x_wconf 78' lang='lat' dir='ltr'>per-</span> 
     </span>
     <span class='ocr_line' id='line_1_65' title="bbox 903 2183 1049 2218; baseline -0.007 0"><span class='ocrx_word' id='word_1_371' title='bbox 903 2183 1049 2218; x_wconf 76' lang='lat' dir='ltr'>tinebat.</span> 
     </span>
    </p>

    <p class='ocr_par' dir='ltr' id='par_1_30' title="bbox 903 2229 1651 2361">
     <span class='ocr_line' id='line_1_66' title="bbox 950 2229 1651 2275; baseline -0.003 -10"><span class='ocrx_word' id='word_1_372' title='bbox 950 2230 1072 2275; x_wconf 76' lang='lat' dir='ltr'>fidem]</span> <span class='ocrx_word' id='word_1_373' title='bbox 1126 2230 1410 2273; x_wconf 80' lang='lat' dir='ltr'>‘Ehrensache&#39;‚</span> <span class='ocrx_word' id='word_1_374' title='bbox 1454 2229 1540 2265; x_wconf 86' lang='lat' dir='ltr'>weil</span> <span class='ocrx_word' id='word_1_375' title='bbox 1585 2229 1651 2264; x_wconf 90' lang='lat' dir='ltr'>der</span> 
     </span>
     <span class='ocr_line' id='line_1_67' title="bbox 905 2277 1651 2322; baseline -0.001 -10"><span class='ocrx_word' id='word_1_376' title='bbox 905 2277 1019 2312; x_wconf 88' lang='lat' dir='ltr'>Senat</span> <span class='ocrx_word' id='word_1_377' title='bbox 1044 2278 1123 2312; x_wconf 89' lang='lat' dir='ltr'>ihre</span> <span class='ocrx_word' id='word_1_378' title='bbox 1149 2277 1395 2312; x_wconf 81' lang='lat' dir='ltr'>Intercession</span> <span class='ocrx_word' id='word_1_379' title='bbox 1429 2277 1651 2322; x_wconf 72' lang='lat' dir='ltr'>gewiinscht</span> 
     </span>
     <span class='ocr_line' id='line_1_68' title="bbox 903 2325 1020 2361; baseline 0.017 -2"><span class='ocrx_word' id='word_1_380' title='bbox 903 2325 1020 2361; x_wconf 78' lang='lat' dir='ltr'>hatte.</span> 
     </span>
    </p>

    <p class='ocr_par' dir='ltr' id='par_1_31' title="bbox 904 2370 1650 2550">
     <span class='ocr_line' id='line_1_69' title="bbox 952 2370 1650 2418; baseline -0.001 -11"><span class='ocrx_word' id='word_1_381' title='bbox 952 2373 1118 2418; x_wconf 69' lang='lat' dir='ltr'>crimi‘rae]</span> <span class='ocrx_word' id='word_1_382' title='bbox 1142 2371 1365 2416; x_wconf 77' lang='lat' dir='ltr'>‘Vorwurf’,</span> <span class='ocrx_word' id='word_1_383' title='bbox 1387 2372 1457 2406; x_wconf 86' lang='lat' dir='ltr'>mit</span> <span class='ocrx_word' id='word_1_384' title='bbox 1479 2370 1569 2407; x_wconf 87' lang='lat' dir='ltr'>Gen.</span> <span class='ocrx_word' id='word_1_385' title='bbox 1585 2372 1650 2407; x_wconf 87' lang='lat' dir='ltr'>der</span> 
     </span>
     <span class='ocr_line' id='line_1_70' title="bbox 905 2419 1647 2466; baseline -0.001 -12"><span class='ocrx_word' id='word_1_386' title='bbox 905 2420 1023 2455; x_wconf 86' lang='lat' dir='ltr'>Sache</span> <span class='ocrx_word' id='word_1_387' title='bbox 1071 2419 1412 2466; x_wconf 81' lang='lat' dir='ltr'>(‘Lebenswa.ndel‚</span> <span class='ocrx_word' id='word_1_388' title='bbox 1455 2419 1647 2454; x_wconf 74' lang='lat' dir='ltr'>Amtsffih-</span> 
     </span>
     <span class='ocr_line' id='line_1_71' title="bbox 904 2466 1648 2512; baseline -0.001 -10"><span class='ocrx_word' id='word_1_389' title='bbox 904 2468 1042 2512; x_wconf 77' lang='lat' dir='ltr'>rung&#39;),</span> <span class='ocrx_word' id='word_1_390' title='bbox 1079 2467 1146 2502; x_wconf 83' lang='lat' dir='ltr'>auf</span> <span class='ocrx_word' id='word_1_391' title='bbox 1178 2467 1316 2502; x_wconf 83' lang='lat' dir='ltr'>welche</span> <span class='ocrx_word' id='word_1_392' title='bbox 1353 2466 1433 2502; x_wconf 88' lang='lat' dir='ltr'>sich</span> <span class='ocrx_word' id='word_1_393' title='bbox 1467 2467 1532 2502; x_wconf 86' lang='lat' dir='ltr'>der</span> <span class='ocrx_word' id='word_1_394' title='bbox 1561 2466 1648 2502; x_wconf 90' lang='lat' dir='ltr'>Vor-</span> 
     </span>
     <span class='ocr_line' id='line_1_72' title="bbox 905 2515 1182 2550; baseline 0.004 -1"><span class='ocrx_word' id='word_1_395' title='bbox 905 2515 1001 2549; x_wconf 86' lang='lat' dir='ltr'>wurf</span> <span class='ocrx_word' id='word_1_396' title='bbox 1026 2515 1182 2550; x_wconf 75' lang='lat' dir='ltr'>bezieht.</span> 
     </span>
    </p>

    <p class='ocr_par' dir='ltr' id='par_1_32' title="bbox 904 2560 1648 2881">
     <span class='ocr_line' id='line_1_73' title="bbox 954 2560 1648 2607; baseline -0.006 -9"><span class='ocrx_word' id='word_1_397' title='bbox 954 2567 984 2597; x_wconf 87' lang='grc'>7.</span> <span class='ocrx_word' id='word_1_398' title='bbox 1017 2563 1172 2607; x_wconf 75' lang='lat' dir='ltr'>pessimo</span> <span class='ocrx_word' id='word_1_399' title='bbox 1204 2561 1379 2607; x_wconf 65' lang='lat' dir='ltr'>exemplo]</span> <span class='ocrx_word' id='word_1_400' title='bbox 1418 2561 1500 2596; x_wconf 88' lang='lat' dir='ltr'>Abl.</span> <span class='ocrx_word' id='word_1_401' title='bbox 1535 2560 1648 2604; x_wconf 86' lang='lat' dir='ltr'>modi,</span> 
     </span>
     <span class='ocr_line' id='line_1_74' title="bbox 906 2608 1647 2653; baseline -0.001 -10"><span class='ocrx_word' id='word_1_402' title='bbox 906 2609 1001 2644; x_wconf 80' lang='lat' dir='ltr'>‘zum</span> <span class='ocrx_word' id='word_1_403' title='bbox 1029 2611 1114 2645; x_wconf 87' lang='lat' dir='ltr'>sehr</span> <span class='ocrx_word' id='word_1_404' title='bbox 1139 2610 1358 2644; x_wconf 88' lang='lat' dir='ltr'>schlimmen</span> <span class='ocrx_word' id='word_1_405' title='bbox 1386 2608 1563 2653; x_wconf 84' lang='lat' dir='ltr'>Beispiel’</span> <span class='ocrx_word' id='word_1_406' title='bbox 1600 2610 1647 2651; x_wconf 83' lang='lat'>(4,</span> 
     </span>
     <span class='ocr_line' id='line_1_75' title="bbox 906 2655 1648 2700; baseline 0 -10"><span class='ocrx_word' id='word_1_407' title='bbox 906 2661 961 2700; x_wconf 89' lang='grc'>13,</span> <span class='ocrx_word' id='word_1_408' title='bbox 984 2660 1028 2699; x_wconf 91' lang='grc'>1),</span> <span class='ocrx_word' id='word_1_409' title='bbox 1055 2656 1197 2692; x_wconf 65' lang='lat' dir='ltr'>erklart</span> <span class='ocrx_word' id='word_1_410' title='bbox 1221 2657 1258 2691; x_wconf 91' lang='lat' dir='ltr'>in</span> <span class='ocrx_word' id='word_1_411' title='bbox 1279 2661 1298 2699; x_wconf 66' lang='grc' dir='ltr'><strong>ἓ</strong></span> <span class='ocrx_word' id='word_1_412' title='bbox 1319 2661 1350 2691; x_wconf 87' lang='grc'>8.</span> <span class='ocrx_word' id='word_1_413' title='bbox 1391 2655 1502 2689; x_wconf 76' lang='lat' dir='ltr'>Sonst</span> <span class='ocrx_word' id='word_1_414' title='bbox 1521 2655 1648 2700; x_wconf 84' lang='lat' dir='ltr'>galten</span> 
     </span>
     <span class='ocr_line' id='line_1_76' title="bbox 905 2703 1647 2739; baseline -0.001 -2"><span class='ocrx_word' id='word_1_415' title='bbox 905 2703 964 2738; x_wconf 88' lang='lat' dir='ltr'>die</span> <span class='ocrx_word' id='word_1_416' title='bbox 992 2703 1180 2739; x_wconf 89' lang='lat' dir='ltr'>Tribunen</span> <span class='ocrx_word' id='word_1_417' title='bbox 1214 2703 1318 2739; x_wconf 83' lang='lat' dir='ltr'>nicht</span> <span class='ocrx_word' id='word_1_418' title='bbox 1342 2715 1410 2738; x_wconf 88' lang='lat' dir='ltr'>nur</span> <span class='ocrx_word' id='word_1_419' title='bbox 1436 2703 1490 2736; x_wconf 79' lang='lat' dir='ltr'>als</span> <span class='ocrx_word' id='word_1_420' title='bbox 1517 2714 1647 2737; x_wconf 85' lang='lat' dir='ltr'>unver-</span> 
     </span>
     <span class='ocr_line' id='line_1_77' title="bbox 904 2749 1648 2794; baseline -0.001 -9"><span class='ocrx_word' id='word_1_421' title='bbox 904 2750 1054 2786; x_wconf 80' lang='lat' dir='ltr'>letzlich</span> <span class='ocrx_word' id='word_1_422' title='bbox 1098 2751 1275 2787; x_wconf 67' lang='lat' dir='ltr'>wahrend</span> <span class='ocrx_word' id='word_1_423' title='bbox 1318 2750 1417 2785; x_wconf 88' lang='lat' dir='ltr'>ihrer</span> <span class='ocrx_word' id='word_1_424' title='bbox 1454 2749 1648 2794; x_wconf 83' lang='lat' dir='ltr'>Amtszeit,</span> 
     </span>
     <span class='ocr_line' id='line_1_78' title="bbox 905 2796 1647 2833; baseline 0 -1"><span class='ocrx_word' id='word_1_425' title='bbox 905 2798 1063 2833; x_wconf 87' lang='lat' dir='ltr'>sondern</span> <span class='ocrx_word' id='word_1_426' title='bbox 1089 2799 1183 2833; x_wconf 89' lang='lat' dir='ltr'>auch</span> <span class='ocrx_word' id='word_1_427' title='bbox 1210 2800 1265 2833; x_wconf 80' lang='lat' dir='ltr'>als</span> <span class='ocrx_word' id='word_1_428' title='bbox 1291 2796 1647 2833; x_wconf 76' lang='lat' dir='ltr'>unverantwortlich</span> 
     </span>
     <span class='ocr_line' id='line_1_79' title="bbox 905 2845 1394 2881; baseline 0 -1"><span class='ocrx_word' id='word_1_429' title='bbox 905 2846 1001 2880; x_wconf 85' lang='lat' dir='ltr'>nach</span> <span class='ocrx_word' id='word_1_430' title='bbox 1027 2845 1167 2881; x_wconf 84' lang='lat' dir='ltr'>Ablauf</span> <span class='ocrx_word' id='word_1_431' title='bbox 1189 2846 1394 2881; x_wconf 79' lang='lat' dir='ltr'>derselben.</span> 
     </span>
    </p>

    <p class='ocr_par' dir='ltr' id='par_1_33' title="bbox 951 2892 1585 2940">
     <span class='ocr_line' id='line_1_80' title="bbox 951 2892 1585 2940; baseline -0.003 -11"><span class='ocrx_word' id='word_1_432' title='bbox 951 2895 1075 2939; x_wconf 68' lang='lat' dir='ltr'>gyrat-is</span> <span class='ocrx_word' id='word_1_433' title='bbox 1101 2893 1210 2940; x_wconf 78' lang='lat' dir='ltr'>aeris]</span> <span class='ocrx_word' id='word_1_434' title='bbox 1241 2894 1323 2940; x_wconf 73' lang='lat' dir='ltr'>Vgl.</span> <span class='ocrx_word' id='word_1_435' title='bbox 1350 2892 1442 2938; x_wconf 80' lang='lat' dir='ltr'>Kap.</span> <span class='ocrx_word' id='word_1_436' title='bbox 1472 2895 1526 2936; x_wconf 93' lang='grc'>12,</span> <span class='ocrx_word' id='word_1_437' title='bbox 1557 2896 1585 2928; x_wconf 91' lang='lat'>1.</span> 
     </span>
    </p>
   </div>
  </div>
 </body>
</html>
