1794 3084
51 96 78 115 n.
94 88 146 115 ch.
161 96 189 114 n.
205 89 270 115 380.

53 187 298 243 legionibus
337 186 381 227 in
418 186 616 228 turbatos
655 185 1004 240 trepidantesque
1043 186 1223 228 inferam
1266 186 1401 241 signa.

604 77 749 112 LIBER
775 77 835 113 V1.
881 77 984 113 CAP.
1012 82 1067 113 29.
1565 77 1620 118 63

1464 185 1622 239 adeste,

54 246 97 288 di
128 248 260 288 testes
293 245 497 299 foederis,
537 247 579 286 et
611 245 794 299 expetite
828 259 990 299 poenas
1024 245 1189 287 debitas
1222 244 1349 286 simul
1382 244 1504 287 vobis
1539 245 1620 286 vio-

52 305 153 347 latis
185 304 395 359 nobisque
429 318 503 358 per
534 307 723 345 vestrum
758 318 916 345 numen
950 303 1166 358 deceptis?

173 363 273 405 Non
305 363 511 418 equitem,
543 377 631 404 non
664 362 852 417 peditem
887 363 1128 404 sustinuere
1156 362 1436 405 Praenestini.
1481 362 1621 417 primo
1649 374 1668 404 3

50 423 214 478 impetu
242 437 291 464 ac
318 423 504 464 clamore
531 422 729 476 dissipati
757 422 926 464 ordines
955 425 1073 477 sunt3
1105 422 1220 475 dein,
1253 424 1482 477 postquam
1502 422 1620 463 nullo

50 482 145 524 loco
178 481 408 524 constabat
447 481 577 534 acies,
623 484 746 535 terga
778 484 952 522 vertunt
990 482 1336 535 consternatique
1379 485 1422 522 et
1452 484 1622 535 praeter

51 543 193 583 castra
224 540 354 582 etiam
387 554 466 581 sua
497 540 870 594 pavore‘praelati
903 554 990 581 non
1023 541 1141 594 prius
1175 555 1219 581 se
1247 541 1300 581 ab
1328 540 1462 582 effuso
1497 554 1621 582 cursu

52 600 232 653 sistunt,
277 613 405 653 quam
444 599 488 640 in
528 602 759 653 conspectu
792 598 1024 640 Praeneste
1063 599 1157 640 fuit.

1220 599 1281 640 ibi
1320 613 1371 640 ex
1402 599 1508 653 fuga
1540 598 1621 639 dis·
1648 609 1669 639 4

53 659 193 714 sipata
224 659 386 711 locum,
425 672 552 713 quem
583 658 866 700 tumultuario
901 672 1028 713 opere
1064 659 1396 710 communirent,
1436 658 1621 712 capiunt,

51 732 124 769 ne,
169 717 206 759 si
243 718 358 758 intra
399 717 571 758 moenia
610 731 653 758 se
693 717 977 771 recepissent,
1021 717 1237 770 extemplo
1280 720 1475 758 ureretur
1517 731 1621 772 ager

52 777 406 832 depopulatisque
440 776 638 818 omnibus
673 776 840 818 obsidio
873 777 970 817 urbi
996 775 1238 817 inferretur.
1288 776 1362 817 sed
1389 780 1617 830 postquam
1646 788 1665 816 5

50 835 228 890 direptis
267 835 320 876 ad
353 835 498 876 Aliam
538 835 689 877 castris
728 836 865 877 victor
897 835 1119 877 Romanus
1162 835 1326 889 aderat,
1369 834 1412 875 id
1453 840 1620 889 quoque

51 896 365 936 munimentum
397 895 612 948 relictum3
646 898 687 935 et
713 895 784 935 vix
812 894 983 936 moenia
1010 897 1105 935 tuta
1131 894 1214 935 rati
1244 893 1402 948 oppido
1429 909 1473 935 se
1495 894 1620 935 Prae-

50 957 170 995 neste
196 953 432 995 includunt.
485 956 580 995 octo
614 958 832 1007 praeterea
859 953 1018 1009 oppida
1051 956 1174 994 erant
1200 953 1278 994 sub
1307 953 1474 995 dicione
1496 953 1620 994 Prae·
1649 965 1668 993 6

50 1013 333 1055 nestinorum.

408 1011 460 1054 ad
505 1027 555 1053 ea
599 1013 896 1054 circumlatum
941 1013 1120 1063 bellum,
1172 1012 1453 1067 deincepsque
1503 1011 1618 1053 haud

52 1086 210 1128 magno
244 1072 476 1114 certamine
509 1072 645 1126 captis
666 1070 856 1114 Velitras
891 1071 1100 1113 exercitus
1127 1071 1291 1113 ductus.
1343 1085 1417 1113 eae
1450 1086 1619 1126 quoque

53 1134 336 1186 expugnatae.
388 1133 480 1172 tum
514 1131 566 1172 acl
600 1134 728 1185 caput
761 1131 860 1172 belli
880 1131 1110 1172 Praeneste
1144 1134 1332 1172 ventum.
1383 1131 1426 1171 id
1452 1145 1540 1172 non
1566 1131 1623 1184 vi,
1650 1141 1668 1171 7

55 1191 130 1233 sed
162 1204 238 1244 per
271 1190 531 1231 deditionem
563 1192 782 1244 receptum
815 1194 892 1231 est.

173 1249 220 1292 T.
248 1248 472 1298 Quinctius
507 1249 639 1290 semel
673 1250 762 1291 acie
797 1250 946 1300 victor,
980 1248 1091 1290 binis
1125 1249 1276 1290 castris
1308 1248 1514 1302 hostium,
1546 1262 1621 1289 no·
1648 1260 1668 1291 8

55 1322 152 1350 vem
180 1308 349 1362 oppidis
376 1308 419 1349 vi
446 1308 602 1362 captis,
634 1308 867 1350 Praeneste
889 1309 933 1349 in
954 1308 1213 1350 deditionem
1242 1310 1417 1362 accepto
1441 1307 1623 1349 Romam

57 1369 251 1421 revertit,
283 1367 643 1422 triumphansque
675 1368 850 1423 signum
876 1367 1107 1408 Praeneste
1140 1367 1363 1408 devectum
1395 1366 1508 1408 Iovis
1542 1365 1625 1407 Im-

104 1484 263 1527 inferam
287 1483 411 1529 siqua]
454 1483 593 1518 ‘werde
628 1512 634 1518 .
657 1511 664 1518 .
688 1512 695 1518 .
728 1483 802 1519 ein-

55 1530 242 1576 dringen'.
292 1529 387 1575 Kap.
409 1533 441 1574 8,
463 1534 493 1566 1.

97 1589 166 1623 per
197 1581 353 1613 vestrum
384 1578 532 1624 numen]
577 1578 700 1613 ‘unter
733 1579 804 1612 An-

53 1625 190 1669 rufung
222 1636 328 1660 eurer
358 1624 566 1670 Majest‘at’.
624 1624 804 1660 Dasselbe

49 1684 118 1719 per
142 1673 213 1708 wie
246 1672 302 1708 oft
332 1671 371 1706 in
398 1672 600 1708 Schwfiren
634 1673 710 1707 und
736 1671 804 1708 Be-

2 1726 27 1753 ·.
54 1721 298 1764 teuerungen.
352 1719 437 1765 Vgl.
467 1724 499 1764 1,
521 1724 554 1763 9,
578 1723 620 1754 13
646 1731 714 1765 per
745 1721 805 1763 fas

56 1778 100 1803 ac
123 1767 229 1811 fidem
254 1768 400 1812 decepti.

104 1818 135 1849 3.
141 1814 319 1860 praelati]
332 1832 375 1843 =
385 1815 609 1859 praeterlatzj.
636 1814 804 1849 DasVer-

55 1862 141 1898 bum
147 1863 386 1907 praeter-ferri
394 1861 652 1906 (vorbeieilen)
662 1862 806 1897 kommt

11 1913 15 1920 '
54 1920 125 1944 nur
144 1920 191 1944 an
212 1909 457 1944 zweiStellen
471 1921 552 1944 vor:
578 1908 802 1952 Lucr.4,57l

15 1978 23 1987 ·
58 1956 135 1991 tmd
170 1955 247 1991 Liv.
275 1960 330 1999 21,
359 1960 415 1999 55,
443 1960 462 1991 9
495 1957 618 2000 (simul
649 1958 806 1992 latebras

57 2013 178 2039 eorum
209 2005 416 2048 improvida
447 2005 674 2048 praeterlata
711 2005 806 2039 acies

15 2075 18 2078 »
58 2052 132 2094 est).
188 2051 372 2095 praeferri
403 2051 493 2085 wird
526 2051 622 2086 auch
655 2055 686 2093 7,
708 2055 763 2094 24,
785 2055 805 2087 8

8 2099 10 2101 ’
57 2097 127 2133 mit
149 2101 294 2143 praeter
319 2098 533 2133 verbunden
559 2100 722 2143 (praeter
747 2110 805 2134 ca-

57 2148 136 2181 stra
166 2146 274 2181 etiam
304 2156 374 2181 sua
403 2147 596 2191 praelati),
636 2145 806 2190 dagegen

11 2205 17 2244 ζ
59 2195 92 2236 5,
112 2195 169 2236 26,
190 2197 209 2228 7
236 2192 307 2228 mit
332 2193 417 2228 dem
431 2195 561 2228 Aecus.
581 2194 719 2238 (eastra
737 2204 807 2228 sua

54 2241 247 2285 praelati);
302 2243 405 2275 sonst
442 2241 542 2275 steht
580 2252 618 2276 es
658 2241 808 2275 absolut

61 2287 108 2332 (2,
131 2291 185 2331 14,
208 2292 244 2330 ῖς
276 2290 333 2331 29,
354 2291 412 2330 32,
432 2290 478 2330 8).

10 2343 20 2374 Τ
107 2345 142 2370 se
166 2335 318 2380 sistunt]
347 2335 413 2370 ‘sie
433 2334 590 2369 machen
605 2335 706 2379 Halt,
734 2336 807 2370 ste-

20 2407 30 2422 „
59 2379 133 2417 hen
159 2381 266 2425 still',
293 2399 338 2410 =
358 2383 570 2417 consistunt.

104 2431 136 2464 4.
170 2429 240 2475 ibi]
275 2446 319 2458 =
351 2430 391 2464 in
425 2433 615 2474 conspectu
649 2429 806 2465 Praene-

30 2499 34 2512 .
60 2475 176 2511 stiriae
201 2477 313 2511 urbis.

107 2533 151 2558 ex
175 2523 283 2570 fuya]
311 2541 356 2552 =
373 2527 458 2569 post
481 2524 622 2569 fugam,
649 2534 684 2559 se
709 2524 803 2559 colli-

61 2574 180 2615 gentes
204 2582 247 2606 eae
271 2572 373 2617 fuya.

109 2617 306 2664 dissipata]
340 2635 384 2647 =
409 2619 534 2662 effusa.
593 2618 667 2652 Das
700 2618 809 2653 Wort

66 2662 157 2698 wird
176 2664 356 2700 zuweilen
375 2665 446 2700 mit
465 2667 557 2710 fuya
577 2665 807 2700 verbunden:

64 2712 120 2755 28,
139 2715 195 2755 20,
216 2715 236 2746 8
263 2712 399 2748 Punici
423 2714 599 2748 exercitus
629 2724 673 2747 ex
699 2713 808 2747 (lissi-

59 2761 153 2801 pata
175 2760 311 2803 passim
336 2760 428 2805 fuya
452 2761 651 2804 reliquiae;
676 2763 732 2801 29,
751 2764 807 2803 33,

67 2806 88 2838 6
112 2805 188 2841 loco
209 2807 407 2851 praedicto,
440 2808 481 2842 in
506 2818 607 2852 quem
633 2818 676 2841 ea:
702 2807 807 2841 dissi-

60 2854 154 2895 pata
190 2855 418 2890 convenirent
460 2855 575 2900 fuya;
620 2857 675 2898 38,
703 2858 758 2898 27,
787 2857 807 2888 8

878 1483 981 1518 Galli
1005 1495 1049 1518 (ἀς
1080 1484 1261 1527 dissipata
1287 1483 1429 1528 passim
1459 1483 1552 1528 fuya
1584 1483 1626 1518 in

877 1542 993 1566 unum
1020 1532 1136 1566 Iocum
1161 1531 1377 1575 conyreqatz'.

926 1579 1166 1613 tumultuario
1192 1578 1310 1623 opere]
1332 1577 1492 1622 hastige,
1513 1576 1624 1622 eilige

879 1625 1154 1661 Schanzarbeit.

927 1677 958 1708 5.
997 1684 1033 1708 se
1064 1672 1275 1718 includunt]
1318 1671 1512 1706 Ausdruck
1550 1670 1626 1706 und

877 1720 1151 1756 Konstruktion
1176 1720 1246 1754 wie
1273 1719 1365 1764 Kap.
1389 1723 1421 1761 8,
1443 1723 1473 1753 9.

927 1772 956 1803 6.
993 1767 1166 1813 Velitras]
1206 1767 1317 1802 Diese
1355 1765 1512 1801 Kolonie
1550 1777 1627 1801 war

879 1815 969 1850 zwei
995 1814 1107 1849 Jahre
1134 1815 1267 1849 vorher
1292 1813 1363 1848 mit
1380 1813 1496 1857 Krieg
1520 1813 1625 1847 iiber-

879 1873 1014 1906 zogen,
1046 1862 1135 1897 aber
1162 1862 1255 1896 nach
1283 1862 1403 1896 einem
1431 1859 1539 1904 Siege
1565 1871 1625 1905 ge-

879 1909 1011 1944 schont
1024 1909 1184 1944 worden.
1200 1909 1284 1943 weil
1304 1920 1340 1944 es
1361 1907 1468 1952 notig
1488 1907 1626 1950 schien,

879 1955 961 1990 dass
1006 1960 1128 1991 zum-st
1170 1955 1348 1991 Praneste
1392 1955 1628 1999 gedemiitigt

879 2004 1001 2039 werde
1028 2002 1134 2048 (Kap.
1155 2007 1213 2048 22,
1233 2006 1280 2048 3).
1331 2003 1416 2037 Nun
1448 2001 1542 2037 wird
1574 2002 1625 2036 sie

879 2051 1177 2096 eingenommen,
1213 2051 1302 2085 aber
1327 2050 1432 2084 nicht
1460 2049 1625 2084 bestraft.

879 2099 982 2133 Doch
1009 2099 1090 2133 halt
1116 2098 1169 2132 sie
1195 2098 1272 2133 sich
1293 2097 1386 2132 zehn
1398 2096 1511 2132 Jabre
1538 2097 1627 2141 lang

879 2145 991 2190 ruhig
1018 2145 1107 2190 (vgl.
1134 2145 1227 2190 Kap.
1251 2150 1305 2188 36,
1330 2146 1375 2189 1).

929 2197 959 2228 7.
992 2204 1060 2238 per
1095 2193 1327 2237 deditionem]
1368 2191 1498 2226 Dieser
1535 2191 1626 2226 Aus-

879 2251 981 2285 gang
1000 2252 1076 2275 war
1095 2241 1191 2275 nach
1211 2243 1230 2283 5
1251 2243 1270 2274 5
1297 2241 1361 2274 vix
1386 2239 1528 2274 moenia
1547 2242 1627 2273 tuta

878 2289 954 2323 rati
980 2300 1023 2322 zu
1044 2288 1242 2329 erwarten;
1269 2287 1363 2322 doch
1385 2297 1461 2320 war
1480 2285 1541 2320 bei
1563 2286 1627 2320 der

879 2335 1000 2370 festen
1016 2335 1116 2378 Lage
1138 2346 1209 2369 von
1220 2333 1398 2369 Priineste
1415 2332 1626 2368 einWider-

881 2383 990 2417 stand
1016 2382 1121 2417 nicht
1146 2382 1375 2417 undenkbar.
1414 2379 1520 2415 Nach
1542 2381 1625 2415 dem

881 2430 1010 2475 Abzug
1031 2430 1094 2464 des
1109 2429 1302 2464 Diktators
1323 2430 1419 2463 setzt
1439 2428 1498 2462 die
1518 2428 1629 2462 Stadt

881 2476 941 2511 die
956 2476 1297 2522 Feindseligkeiten
1312 2487 1432 2521 gegen
1443 2475 1539 2510 Rom
1554 2474 1629 2508 fort

881 2524 987 2569 (Kap.
1010 2528 1065 2566 30,
1087 2525 1133 2569 8).

930 2574 962 2606 8.
990 2572 1086 2606 binis
1111 2571 1258 2616 castris]
1284 2570 1388 2604 nicht
1414 2580 1506 2613 ganz
1532 2568 1628 2603 rich-

881 2618 955 2662 tig,
988 2618 1114 2652 iudem
1146 2620 1256 2652 unter
1288 2617 1359 2651 den
1381 2617 1534 2651 Worten
1567 2618 1586 2657 ξ,
1607 2618 1627 2649 5

882 2666 1143 2700 manimentwn
1195 2665 1356 2699 relictum
1413 2663 1519 2697 nicht
1568 2662 1628 2696 ein

882 2712 1124 2757 eigentliches
1146 2712 1266 2757 Lagei·
1286 2723 1330 2745 zu
1350 2709 1546 2745 verstehen
1566 2709 1627 2744 ist.

928 2760 1071 2803 sigynum
1165 2758 1264 2804 tulit]
1282 2758 1407 2792 Livius
1427 2757 1530 2801 (oder
1550 2756 1629 2791 sein

882 2806 1186 2849 Gewiihrsmaun)
1208 2806 1274 2840 hat
1295 2805 1373 2840 sich
1394 2805 1519 2850 geirrt.
1555 2804 1629 2839 Das

882 2852 1082 2889 Staudbild
1121 2853 1184 2888 des
1222 2852 1389 2898 Iuppiter
1425 2852 1630 2897 Imperator
