1794 3084
610 118 756 155 LIBER
783 118 825 153 V.
870 117 972 154 CAP.
999 122 1056 154 40.
1083 122 1138 152 41.
1582 117 1638 158 75

76 137 105 158 ι.
126 129 193 157 chr.
213 137 241 155 n.
261 130 322 156 390.

74 231 303 283 natosque,
341 228 408 270 cui
447 241 491 269 se
529 227 619 269 fato
659 227 829 280 darent,
866 226 990 280 nihil,
1030 227 1142 282 quod
1180 227 1356 268 humani
1397 229 1640 280 superesset

78 287 195 342 mali,
225 287 540 342 relinquebant.
601 300 762 342 magna
794 300 893 340 pars
925 289 1069 327 tamen
1105 301 1249 328 earum
1283 287 1328 327 in
1361 299 1504 327 arcem
1537 299 1638 326 suos

74 350 325 402 persecutae
358 348 478 398 sunt,
509 360 588 387 nec
621 345 878 400 prohibente
910 345 1001 386 ullo
1033 359 1111 386 nec
1143 348 1341 399 vocante,
1372 345 1491 400 quia,
1525 343 1640 398 quod

77 405 184 447 utile
211 405 400 448 obsessis
427 405 479 446 ad
506 404 784 446 minuendam
811 404 1030 446 imbellem
1056 404 1386 458 multitudinem,
1418 403 1461 444 id
1488 417 1640 458 parum

75 464 311 506 humanum
350 466 453 506 erat.
517 464 602 505 alia
640 464 826 505 maxime
865 463 1002 518 plebis
1034 463 1180 516 turba,
1218 478 1347 518 quam
1379 477 1458 504 nec
1489 476 1639 516 capere

76 526 167 565 tam
199 523 378 578 exiguus
412 522 532 565 collis
565 537 642 565 nec
675 523 789 564 alere
821 523 865 564 in
897 525 1019 564 tanta
1051 522 1198 577 inopia
1224 522 1430 564 frumenti
1456 524 1639 577 poterat,

76 596 128 624 ex
166 582 272 624 urbe
311 582 446 624 effusa
483 582 601 623 velut
640 582 812 637 agmine
850 581 936 622 iam
972 596 1055 623 uno
1087 583 1197 635 petit
1228 581 1480 623 Ianiculum.
1542 580 1640 622 inde

73 655 174 697 pars
206 656 283 696 per
314 654 443 696 agros
475 641 649 696 dilapsi,
690 655 789 695 pars
821 641 947 682 urbes
979 643 1133 695 petunt
1163 641 1391 694 finitimas,
1430 641 1519 681 sine
1551 640 1638 682 ullo

75 700 181 743 duce
212 703 288 742 aut
313 714 538 753 consensu,
570 714 694 741 suam
721 700 900 754 quisque
928 714 1060 754 spem,
1093 715 1170 741 sua
1197 700 1377 742 consilia
1403 699 1640 741 communi-

75 759 155 802 bus
187 759 424 814 deploratis
457 761 700 814 sequentes.

192 817 369 860 Flamen
413 819 588 860 interim
634 818 870 868 Quirinalis
917 818 1188 873 virginesque
1230 818 1431 860 Vestales
1477 818 1640 859 omissa

74 892 218 920 rerum
251 892 426 920 suarum
458 892 571 931 cura,
604 892 711 933 quae
745 892 966 920 sacrorum
995 891 1139 919 secum
1165 877 1354 928 ferenda,
1387 892 1507 932 quae,
1540 877 1640 932 quia

73 937 185 979 vires
225 937 278 979 ad
317 937 462 978 omnia
499 936 676 978 ferenda
714 937 907 990 deerant,
948 936 1231 991 relinquenda
1270 940 1433 990 essent,
1472 936 1639 978 eonsul-

72 998 232 1049 tantes,
264 996 412 1051 quisve
445 1010 495 1037 ea
528 996 648 1038 locus
674 996 790 1037 fideli
818 995 1121 1037 adservaturus
1150 995 1346 1037 custodia
1372 999 1496 1049 esset,
1529 995 1638 1050 opti-

75 1070 193 1098 mum
227 1055 387 1097 ducunt
419 1055 589 1097 condita
622 1056 666 1097 in
692 1055 864 1111 doliolis
892 1055 1050 1096 sacello
1076 1055 1272 1110 proximo
1300 1055 1477 1096 aedibus
1503 1054 1639 1095 flami-

74 1115 142 1156 nis
183 1113 437 1168 Quirinalis,
474 1114 548 1156 ubi
585 1129 698 1156 nunc
738 1114 887 1168 despui
927 1114 1079 1168 religio
1119 1116 1202 1166 est,
1241 1113 1457 1167 defodere3
1498 1115 1641 1155 cetera

73 1174 187 1216 inter
227 1188 271 1215 se
311 1188 438 1215 onere
476 1174 638 1228 partito
675 1174 821 1215 ferunt
861 1173 948 1226 via,
989 1187 1096 1227 quae
1136 1173 1315 1214 sublicio
1354 1176 1488 1226 ponte
1523 1172 1641 1213 ducit

77 1233 131 1274 ad
156 1232 408 1275 Ianiculum.
447 1233 493 1273 in
518 1247 567 1274 eo
595 1233 706 1274 clivo
734 1247 804 1274 eas
832 1247 927 1274 cum
953 1231 999 1273 L.
1027 1232 1241 1285 Albinius,
1273 1232 1323 1272 de
1349 1232 1473 1286 plebe
1499 1231 1642 1286 homo,
1668 1243 1688 1273 9

78 1292 383 1346 conspexisset,
408 1292 603 1346 plaustro
631 1292 859 1347 coniugem
887 1306 936 1333 ac
962 1291 1120 1332 liberos
1141 1290 1301 1332 vehens
1322 1291 1435 1332 inter
1455 1294 1639 1332 ceteram

75 1351 268 1404 turbam,
307 1365 414 1406 quae
452 1351 617 1392 inutilis
660 1351 771 1392 bello
805 1351 909 1392 urbe
942 1350 1191 1404 excedebat,
1229 1350 1350 1392 salvo
1384 1351 1517 1391 etiam
1548 1352 1640 1391 tum

77 1410 324 1452 discrimine
363 1410 604 1451 divinarum
642 1410 1012 1464 humanarumque
1050 1424 1193 1451 rerum
1231 1409 1483 1464 religiosum
1519 1411 1640 1450 ratus

79 1469 322 1511 sacerdotes
355 1469 550 1524 publicas
583 1484 788 1525 sacraque
820 1469 969 1524 populi
994 1469 1180 1510 Romani
1212 1469 1393 1523 pedibus
1426 1469 1486 1510 ire
1518 1468 1641 1509 ferri-

76 1542 158 1583 que
190 1542 239 1570 ac
272 1543 372 1571 suos
398 1529 443 1570 in
471 1528 666 1571 vehiculo
693 1528 894 1583 conspici,
927 1528 1180 1570 descendere
1206 1543 1383 1570 uxorem
1410 1543 1458 1569 ac
1485 1541 1640 1582 pueros

77 1588 217 1641 iussit,
250 1587 438 1643 virgines
473 1602 678 1643 sacraque
710 1589 756 1629 in
787 1589 1029 1642 plaustrum
1061 1588 1270 1642 imposuit
1302 1590 1344 1628 et
1376 1585 1523 1641 Caere,
1556 1600 1639 1641 quo

77 1646 161 1688 iter
192 1647 487 1689 sacerdotibus
519 1650 630 1702 erat,
662 1648 870 1702 pervexit.

1671 1361 1712 1392 10

192 1705 357 1748 Romae
383 1706 556 1748 interim
585 1707 689 1748 satis
714 1706 801 1748 iam
829 1706 1027 1748 omnibus
1054 1708 1102 1747 ut
1128 1706 1169 1747 in
1198 1707 1276 1747 tali
1295 1720 1341 1747 re
1362 1705 1415 1747 ad
1435 1704 1637 1746 tuendam
1654 1706 1707 1746 41

77 1778 217 1806 arcem
264 1766 516 1820 compositis
561 1766 690 1807 turba
735 1766 951 1807 seniorum
996 1765 1145 1807 domos
1184 1765 1371 1821 regressi
1411 1764 1640 1806 adventum

890 1839 916 1857 D

894 1881 1015 1926 Dinge
1057 1881 1293 1926 ebertragen.
1358 1879 1487 1916 Cicero
1525 1880 1639 1915 kennt

123 1881 246 1929 natos]
274 1899 318 1910 =
343 1883 459 1926 filios,
485 1881 726 1917 dichterisch.

896 1928 1022 1963 diesen
1052 1929 1326 1973 fibertragenen
1353 1927 1551 1964 Gebrauch
1577 1927 1642 1962 der

119 1929 330 1975 superesset]
352 1930 385 1964 d.
401 1930 436 1965 h.
459 1930 553 1965 noch
574 1929 679 1965 hatte
694 1928 821 1963 hinzu-

76 1975 252 2012 kommen
277 1977 438 2013 konnen.

123 2025 391 2070 relinquebant]
431 2024 536 2059 Auch
563 2023 716 2059 hiermit
744 2034 821 2058 ver-

74 2069 189 2106 binde
215 2083 301 2106 man
325 2072 396 2106 den
416 2072 501 2107 Dat.
523 2072 821 2116 diqredientibus.

122 2122 154 2154 4.
175 2119 266 2165 ullo]
288 2119 347 2154 bei
361 2118 489 2154 Livius
510 2121 606 2154 &fter
620 2120 821 2154 substanti-

75 2165 187 2208 viert;
214 2166 308 2201 doeh
335 2166 542 2211 gebraucht
562 2178 600 2201 er
621 2167 715 2201 auch
736 2177 821 2211 quo-

73 2223 182 2258 quam
207 2215 254 2258 (3,
277 2217 332 2256 57,
354 2218 374 2249 6
401 2225 436 2250 u.
463 2218 520 2257 34,
541 2217 597 2256 35,
619 2215 666 2258 9).

122 2264 153 2295 5.
180 2261 353 2308 maxime]
387 2261 480 2306 Kap.
509 2265 540 2304 7,
561 2266 592 2296 2.

74 2307 250 2400 OEplebis]
274 2309 284 2324 ‘
296 2319 361 2344 aus
376 2309 573 2354 Plebejern
591 2308 796 2344 bestehend
808 2309 817 2324 '

123 2366 181 2400 ap.
209 2359 264 2395 35.
289 2357 334 2400 1).

123 2403 220 2438 velut
245 2403 332 2449 etc.]
369 2403 596 2447 ‘gleichsam
628 2414 698 2437 nur
723 2402 821 2438 noch

75 2447 115 2484 in
134 2449 255 2485 einem
271 2451 384 2495 Zug',
405 2450 460 2485 als
482 2452 528 2486 ob
545 2451 626 2486 eine
641 2451 821 2494 Fi'ihrung

75 2496 290 2532 vorhanden
316 2501 426 2539 ware,
453 2497 664 2543 Gegensatz
684 2509 727 2532 zu
748 2501 767 2540 ξ
789 2502 820 2532 6.

122 2549 154 2579 6.
181 2545 335 2591 dilapsi]
363 2545 442 2580 scil.
461 2550 560 2588 sunt,
586 2545 821 2581 Constructio

76 2590 127 2626 ad
150 2591 395 2628 intellectum.

74 2668 80 2675 .
119 2638 332 2686 deploratis]
351 2639 627 2685 ‘aufgegeben’
646 2642 693 2684 (3,
709 2642 765 2682 38,
782 2643 821 2680 23

78 2687 111 2729 9,
131 2689 164 2729 7,
185 2691 222 2729 1;
249 2690 306 2730 26,
329 2691 384 2730 12,
404 2689 458 2732 4);
485 2688 645 2723 seltener
670 2688 821 2731 complo-

75 2735 180 2768 ratus
204 2737 275 2778 (22,
296 2738 353 2778 53,
374 2739 394 2769 5
420 2735 645 2780 desperatam
671 2735 822 2778 complo-

75 2783 264 2826 ratamque
293 2793 367 2817 rem
402 2793 473 2817 esse
500 2783 703 2827 publicam)
736 2792 822 2816 vom

76 2823 271 2863 Beweinen
310 2829 377 2864 der
408 2828 529 2865 Toten
563 2829 671 2875 (Kap.
699 2832 754 2870 39,
783 2833 821 2870 43

78 2876 134 2914 22,
149 2877 206 2917 55,
219 2877 256 2920 3)
283 2876 349 2910 auf
367 2876 432 2911 das
452 2876 647 2922 Aufgeben
668 2876 824 2911 auderet

894 1976 1029 2011 beiden
1056 1977 1206 2011 Worter
1232 1975 1346 2012 nicht.

944 2027 975 2057 7.
1001 2023 1133 2069 seeum]
1162 2023 1366 2068 cigentlich
1391 2023 1463 2058 sibi
1487 2033 1615 2058 seeum.

943 2074 975 2105 8.
1001 2071 1147 2116 sacello]
1180 2072 1222 2105 in
1253 2070 1352 2105 kann
1378 2070 1520 2112 fehlen,
1554 2068 1638 2104 weil

895 2118 993 2153 beim
1022 2118 1143 2154 Subst.
1171 2118 1231 2153 ein
1256 2117 1435 2164 AdJektiv
1462 2118 1573 2152 steht.

943 2166 1086 2212 reliyio]
1123 2183 1166 2194 =
1198 2166 1386 2211 reliyiom',
1421 2166 1639 2210 reliqiosmn.

894 2212 986 2258 Kap.
1015 2218 1069 2256 13,
1091 2217 1113 2248 s
1138 2225 1172 2247 u.
1201 2217 1257 2255 31,
1279 2217 1311 2248 s.

939 2260 1064 2307 ponte]
1086 2260 1170 2295 Abl.
1198 2261 1262 2296 des
1282 2259 1430 2306 Weges‚
1456 2259 1525 2294 wie
1546 2259 1639 2304 Kap.

895 2311 951 2351 35,
972 2312 991 2342 2
1022 2308 1198 2343 Poenino.

946 2359 999 2390 10.
1025 2357 1133 2391 etiam
1158 2355 1250 2401 tum]
1283 2355 1318 2390 d.
1345 2355 1379 2389 h.
1414 2354 1511 2389 auch
1536 2353 1576 2388 in
1601 2363 1640 2388 so

895 2401 1109 2438 schlimmer
1134 2403 1246 2448 Lage.

942 2451 1151 2496 reliyiosum
1181 2450 1302 2497 ratus]
1337 2449 1414 2484 scil.
1447 2460 1536 2492 esse,

894 2497 990 2531 hielt
1016 2509 1055 2532 er
1081 2509 1118 2533 es
1145 2498 1204 2532 fiir
1231 2497 1312 2532 eine
1339 2496 1497 2531 Sfinde’.

943 2543 1005 2580 41.
1041 2549 1070 2580 1.
1103 2546 1210 2580 utin
1235 2545 1304 2579 tali
1328 2544 1382 2589 re]
1419 2543 1535 2578 ‘nach
1568 2543 1639 2577 den

896 2592 1162 2636 Unistiinden’‚
1182 2591 1474 2635 Bescbri'mkung
1495 2601 1537 2623 zu
1551 2590 1641 2624 satis

895 2640 1062 2674 omnibus
1093 2640 1314 2683 comparatis
1348 2637 1436 2682 (vgl.
1465 2642 1498 2679 4,
1526 2641 1580 2679 13,
1604 2641 1641 2677 1;

896 2689 954 2727 21,
975 2690 1030 2728 34,
1056 2692 1091 2728 1;
1119 2690 1175 2726 23,
1199 2690 1254 2724 is,
1276 2687 1320 2729 e).

944 2734 1077 2779 arcem]
1119 2733 1157 2767 in
1195 2734 1383 2767 weiterem
1424 2731 1536 2766 Sinne
1575 2731 1641 2766 das

896 2779 1048 2825 Kapitol
1075 2779 1145 2815 mit
1170 2779 1467 2815 einschliessend.

944 2827 1109 2873 reyressi]
1178 2839 1264 2862 vom
1329 2825 1641 2872 kapitolinischen

896 2873 1019 2919 Htigel
1041 2874 1148 2919 (Κεφ.
1165 2878 1221 2917 40,
1239 2878 1283 2919 1).
1316 2874 1387 2908 Zur
1407 2872 1640 2909 Constructio

1577 2448 1640 2482 ‘so
