1794 3084
75 121 104 141 a.
125 114 178 140 Ch.
198 121 227 140 n.
247 115 309 140 368.
329 115 391 140 367.

622 104 768 139 LIBER
792 104 854 140 VI.
906 104 1008 139 CAP.
1035 108 1092 141 42.
1583 105 1636 146 91

79 212 237 267 plebis3
283 212 503 267 graduque
548 226 596 254 eo
630 213 715 254 iam
753 213 823 253 via
860 211 976 254 facta
1015 212 1067 253 ad
1101 213 1368 254 consulatum
1402 212 1639 255 videbatur.

79 271 161 312 hac
192 271 374 312 victoria
406 273 608 312 contenta
639 271 787 325 plebes
820 271 949 312 cessit
979 271 1188 325 patribus,
1226 274 1273 312 ut
1310 272 1355 312 in
1393 272 1638 325 praesentia
1666 283 1686 314 3

79 329 306 371 consulum
337 330 554 371 mentione
589 330 751 371 omissa
781 329 943 371 tribuni
976 329 1161 371 militum
1194 331 1449 372 crearentur.
1507 330 1639 372 creati

77 387 129 430 A.
162 390 205 429 et
235 387 290 429 M.
325 386 514 430 Cornelii
545 388 712 441 iterum,
751 387 809 430 M.
843 387 1075 443 Geganius,
1114 388 1158 429 P.
1191 387 1389 443 Manlius,
1427 388 1473 430 L.
1505 387 1639 430 Vetu-

75 446 179 499 rius,
210 445 256 489 P.
276 446 477 488 Valerius
510 449 689 488 sextum.

753 461 846 487 cum
873 450 1042 501 praeter
1068 446 1333 489 Velitrarum
1361 447 1639 502 obsidionem,
1665 458 1686 489 4

75 505 190 547 tardi
222 505 360 560 magis
393 519 483 546 rem
516 505 654 546 exitus
689 520 816 560 quam
849 505 981 560 dubii,
1019 506 1186 560 quietae
1226 509 1424 548 externae
1456 521 1523 548 res
1556 506 1640 548 Ro-

76 564 215 605 manis
248 566 409 616 essent,
452 564 567 605 fama
607 578 761 617 repens
802 564 906 605 belli
939 563 1095 605 Gallici
1136 565 1269 606 allata
1310 565 1498 620 perpulit
1540 566 1638 606 civi-

75 624 222 675 tatem,
253 626 302 664 ut
332 621 389 663 M.
417 621 569 663 Furius
603 622 790 664 dictator
822 623 1019 676 quintum
1053 623 1276 665 diceretur.

1337 625 1373 665 is
1406 624 1452 665 T.
1486 622 1638 672 Quinc-

75 681 185 722 tium
217 680 410 722 Poenum
443 682 699 736 magistrum
733 682 925 736 equitum
959 682 1076 722 dixit.

193 739 415 781 Bellatum
447 754 543 781 cum
570 739 707 781 Gallis
735 754 783 781 eo
811 754 923 781 anno
945 740 1056 781 circa
1077 741 1286 781 Anienem
1313 741 1471 782 flumen
1492 744 1641 783 auctor
1667 752 1687 783 5

75 800 141 840 est
173 796 390 852 Claudius,
434 799 713 853 inclitamque
757 799 800 839 in
839 801 971 853 ponte
1008 813 1209 854 pugnaui,
1254 815 1337 854 qua
1370 800 1416 841 T.
1450 800 1637 841 Manlius

75 856 262 911 Gallum,
308 871 403 898 cum
449 872 531 911 quo
577 860 836 911 provocatus
875 872 1028 899 manus
1062 858 1289 911 conseruit,
1328 859 1374 900 in
1407 861 1638 913 conspectu

74 916 256 958 duorum
288 916 551 958 exercituum
592 930 764 958 caesum
802 918 953 971 torque
993 917 1208 970 spoliavit,
1252 919 1344 958 tum
1389 920 1638 973 pugnatam.

74 975 269 1029 pluribus
315 975 562 1016 auctoribus
609 975 748 1029 magis
794 975 982 1017 adducor
1025 978 1073 1016 ut
1117 976 1285 1017 credam
1330 976 1474 1018 decem
1524 976 1638 1017 haud
1667 988 1687 1019 6

74 1033 215 1075 minus
248 1036 348 1088 post
380 1048 515 1075 annos
549 1048 598 1075 ea
639 1037 746 1087 acta,
789 1034 870 1075 hoc
916 1037 1057 1075 autem
1097 1049 1207 1076 anno
1246 1035 1290 1076 in
1323 1035 1494 1077 Albano
1535 1049 1639 1091 agro

80 1106 177 1134 cum
210 1091 347 1133 Gallis
381 1092 590 1134 dictatore
622 1092 678 1134 M.
711 1092 840 1134 Furio
873 1093 997 1147 signa
1030 1093 1198 1134 collata.

194 1150 284 1193 Nec
327 1151 455 1192 dubia
496 1165 575 1192 nec
617 1151 802 1193 difficilis
844 1151 1068 1204 Romanis,
1113 1166 1372 1206 quamquam
1413 1152 1635 1207 ingentem
1666 1163 1686 1194 7

79 1208 195 1251 Galli
227 1213 434 1252 terrorem
482 1211 691 1252 memoria
728 1210 935 1264 pristinae
981 1210 1113 1252 cla-dis
1160 1211 1412 1265 attulerant,
1456 1212 1639 1253 victoria

73 1268 168 1309 fuit.

71 1394 286 1430 vermieden
311 1395 414 1430 wir-d.
459 1387 558 1430 Uber
578 1396 677 1431 diese
697 1396 823 1441 Roga—

70 1442 152 1477 tion
176 1442 250 1487 vgl.
278 1442 370 1487 Kap.
397 1446 454 1486 37,
477 1446 530 1477 12.

118 1490 240 1535 gradu
278 1489 339 1535 eo]
377 1488 446 1525 Die
484 1489 656 1534 Plebejer
693 1490 823 1535 galten

70 1535 198 1571 bisher
224 1535 280 1570 als
306 1536 473 1582 unfahig,
500 1536 562 1572 ein
582 1536 822 1572 Priesteramt

72 1594 116 1618 zu
140 1582 350 1618 bekleiden.
388 1583 513 1618 Durch
539 1584 647 1618 ihren
667 1583 822 1619 Eintritt

74 1630 113 1665 in
138 1630 204 1665 das
232 1629 446 1676 Kollegium
473 1631 538 1666 der
564 1630 821 1666 Zehnmanner

72 1688 249 1712 war-nun
282 1677 342 1712 ein
374 1677 523 1722 Anfang
553 1679 727 1723 gemacht
759 1690 821 1712 zur

73 1723 308 1769 Entsernung
333 1724 398 1759 der
423 1724 624 1769 religiosen
651 1725 820 1760 Bedenk—

71 1770 289 1815 lichkeiten,
321 1771 462 1806 welche
489 1771 589 1806 ihrer
616 1772 822 1817 Zulassung

72 1830 154 1853 zum
169 1818 355 1854 Konsulat
375 1818 714 1864 entgegengestellt
730 1831 822 1853 wur-

71 1865 154 1900 den.

120 1922 151 1953 3.
178 1919 303 1954 cessit.
326 1946 332 1954 .
355 1945 363 1953 .
384 1918 440 1964 ut]
464 1935 507 1947 =
528 1918 602 1962 gab
625 1947 631 1953 .
654 1946 660 1952 .
684 1947 690 1953 .
712 1919 818 1960 nach,

71 1975 111 2000 so
138 1964 219 2000 dass
257 1965 345 2011 (vgl.
380 1969 399 2008 ξ
427 1969 447 2000 9
473 1966 599 2007 vietus,
633 1967 700 2009 ut),
741 1965 822 2000 eine

70 2009 354 2055 Konstruktion,
369 2013 509 2047 welche
525 2014 630 2047 sonst
643 2024 711 2046 nur
726 2013 822 2047 noch

71 2059 112 2093 in
131 2059 201 2094 den
216 2058 394 2104 Digesten
409 2062 456 2103 (8,
471 2063 503 2102 3,
521 2061 577 2103 10)
598 2058 821 2095 vorkommt.

120 2106 323 2152 consulum]
337 2107 371 2142 d.
386 2107 421 2142 h.
444 2107 509 2141 der
522 2106 710 2151 Rogation
729 2106 821 2141 fiber

72 2152 133 2188 die
142 2152 254 2188 Wahl
270 2155 370 2188 eines
385 2153 820 2199 plebejischenKonsuIS.

123 2199 300 2246 Cornelii]
328 2200 410 2245 Vgl.
432 2201 527 2246 Kap.
549 2204 606 2244 36,
628 2205 659 2235 6.

121 2247 165 2282 Ρ.
194 2248 382 2294 Manlius]
410 2247 494 2294 Vgl.
515 2249 609 2293 Kap.
631 2252 687 2290 30,
709 2252 740 2282 2.

122 2293 167 2328 L.
200 2294 385 2339 Veturius]
412 2294 497 2340 Vgl.
520 2295 612 2340 Kap.
634 2299 690 2338 38,
712 2299 744 2329 2.

124 2341 169 2376 Ρ.
203 2341 387 2388 Valerius]
414 2342 499 2387 Vgl.
520 2342 613 2387 Kap.
635 2346 666 2384 6,
688 2346 720 2376 3.

122 2391 155 2422 4.
201 2388 423 2424 Velitrarum
460 2389 698 2434 obsidionem]
738 2388 821 2433 Vgl.

74 2433 169 2478 Kap.
190 2439 247 2478 36,
268 2439 300 2470 5.

125 2481 165 2517 T.
184 2481 412 2529 Quinctium]
428 2482 740 2518 Konsulartribun
755 2486 823 2517 368

76 2527 184 2573 (Kap.
206 2532 264 2574 38,
284 2531 331 2574 2).

124 2585 155 2616 5.
185 2581 380 2628 Claudius]
411 2581 450 2624 Q.
474 2581 647 2617 Claudius
669 2581 824 2623 Quadri-

76 2628 201 2672 garius
232 2629 377 2665 schrieb
409 2641 471 2664 um
498 2632 543 2664 80
570 2641 603 2664 v.
632 2629 715 2664 Chr.
743 2631 825 2663 eine

77 2675 260 2710 romische
300 2675 522 2712 Geschichte
560 2687 645 2712 vom
685 2675 824 2710 Einfall

79 2720 144 2756 der
168 2720 309 2758 Gallier
333 2722 390 2758 bis
411 2723 477 2757 auf
500 2722 601 2758 seine
629 2723 709 2758 Zeit
732 2722 822 2768 (An-

78 2766 199 2812 nalen,
233 2770 271 2804 in
301 2769 529 2806 mindestens
555 2774 600 2805 23
629 2769 822 2813 Buchern),

78 2813 219 2850 welche
250 2816 394 2861 Livius,
427 2816 656 2853 namentlich
689 2816 727 2852 in
759 2817 825 2851 der

79 2859 223 2897 viel-ten
248 2862 412 2908 Dekade,
438 2863 494 2899 oft
518 2865 702 2900 benutzte.

232 1269 368 1310 multa
411 1269 532 1310 milia
577 1269 862 1310 barbarorum
907 1269 951 1310 in
990 1270 1092 1323 acie,
1130 1270 1270 1311 multa
1308 1270 1445 1324 captis
1485 1271 1638 1312 castris

943 1396 1110 1477 incli}am
1134 1398 1176 1432 in
1199 1400 1306 1442 ponte
1328 1397 1509 1443 puynam]
1554 1397 1640 1442 Vgl.

898 1447 928 1486 7,
950 1447 982 1487 9,
1005 1447 1023 1478 7
1054 1455 1088 1488 g.

938 1501 1106 1535 puynam
1128 1520 1134 1527 .
1157 1520 1164 1526 .
1187 1519 1194 1526 .
1211 1492 1434 1538 pugnatam]
1461 1492 1544 1526 eine
1565 1493 1643 1537 ety-

895 1537 1124 1583 mologische
1150 1538 1273 1583 Figur,
1314 1538 1454 1574 welche
1493 1538 1572 1573 sich
1603 1539 1643 1573 in

895 1585 1016 1620 dieser
1065 1585 1240 1629 passiven
1283 1586 1393 1620 Form
1442 1585 1643 1621 mehrmals

894 1632 1009 1667 findet
1047 1631 1181 1677 (Plaut.
1208 1631 1344 1677 Amph.
1379 1636 1464 1675 2533
1504 1631 1578 1668 Cic.
1605 1645 1640 1678 p.

893 1678 986 1713 Mur.
1015 1683 1076 1721 34;
1109 1679 1202 1724 Nep.
1230 1680 1348 1715 Hann.
1377 1684 1409 1721 5,
1432 1684 1469 1723 1,
1502 1679 1580 1716 Liv.
1609 1683 1641 1723 9,

895 1729 951 1768 37,
974 1730 1033 1769 11;
1061 1729 1118 1768 40,
1140 1729 1196 1768 52,
1218 1727 1266 1771 6),
1298 1726 1360 1761 bei
1385 1726 1541 1762 Plautus
1569 1727 1643 1762 und

894 1771 1057 1807 Lucilius
1078 1773 1172 1808 auch
1189 1773 1227 1818 je
1243 1774 1381 1808 einmal
1395 1773 1465 1808 mit
1477 1774 1642 1809 aktivem

895 1820 1005 1855 Verb.

945 1876 976 1907 6.
1015 1873 1242 1919 auctoribus]
1279 1873 1392 1909 Dativ
1424 1886 1466 1908 zu
1501 1875 1644 1910 credam

895 1919 1096 1964 (glauben).

942 1969 1059 2013 mayis
1079 1967 1257 2013 adducor]
1281 1967 1353 2002 ‘ich
1374 1967 1439 2002 bin
1459 1969 1565 2002 mehr
1579 1979 1643 2013 ge-

894 2012 1028 2059 neigt'.
1085 2013 1154 2049 Die
1187 2015 1394 2050 Redensart
1424 2016 1540 2059 mayis
1577 2017 1642 2051 ad-

895 2061 1008 2095 ducor
1039 2066 1080 2097 ut
1111 2062 1254 2097 credam
1286 2062 1353 2097 hat
1383 2061 1509 2097 Livius
1548 2063 1642 2098 auch

895 2111 928 2151 2,
952 2112 1006 2150 18,
1030 2113 1050 2143 6
1078 2121 1112 2144 u.
1140 2112 1172 2152 4,
1194 2112 1250 2152 49,
1273 2112 1328 2143 10.

943 2156 1060 2191 decem
1083 2156 1186 2191 haud
1204 2157 1327 2191 minus
1345 2160 1430 2201 post
1451 2157 1582 2203 armos]
1599 2174 1643 2186 =

894 2203 995 2238 haud
1020 2204 1142 2238 minus
1161 2215 1267 2247 quam
1288 2204 1405 2238 decem
1425 2205 1534 2238 annis
1549 2207 1643 2249 post.

895 2249 1019 2284 Livius
1070 2249 1185 2285 selbst
1234 2250 1377 2285 erz'ahlt
1421 2251 1480 2285 die
1525 2250 1643 2286 Sache

895 2298 1005 2331 unter
1036 2297 1121 2332 dem
1155 2297 1247 2331 Jahr
1278 2301 1345 2332 361
1373 2308 1406 2332 V.
1435 2298 1530 2342 Chr„
1563 2299 1642 2333 also

895 2354 965 2378 nur
992 2345 1097 2379 sechs
1122 2344 1234 2378 Jahre
1262 2346 1398 2389 spater.

942 2391 1050 2435 siyna
1085 2391 1235 2437 collata]
1263 2409 1306 2420 =
1332 2392 1431 2426 iusta
1464 2392 1542 2427 acie
1570 2403 1644 2436 pu-

895 2442 1047 2482 9natum
1062 2438 1149 2483 (vgl.
1166 2438 1258 2483 Kap.
1275 2442 1307 2479 8,
1325 2439 1369 2483 1).
1397 2437 1466 2473 Die
1479 2438 1644 2474 Redens-

896 2487 956 2518 art
979 2485 1087 2530 siyna
1107 2486 1269 2528 conferre
1283 2487 1341 2530 (=
1350 2486 1532 2530 proelium
1552 2496 1644 2521 com-

896 2532 1047 2576 mittere)
1066 2543 1146 2567 cum
1162 2533 1285 2577 aliquo
1296 2533 1412 2567 findet
1426 2531 1505 2567 sich
1520 2532 1643 2567 ausser

897 2578 958 2613 bei
984 2578 1110 2613 Livius
1137 2583 1183 2621 (1,
1211 2583 1268 2622 33,
1295 2583 1332 2620 43
1366 2582 1399 2622 8,
1428 2583 1459 2619 7,
1487 2581 1521 2622 6)
1549 2579 1642 2613 auch

897 2625 958 2659 bei
979 2624 1106 2660 Cicero
1127 2626 1179 2669 (in
1193 2626 1267 2660 Pis.
1282 2629 1358 2669 49),
1387 2625 1522 2660 ebenso
1543 2626 1645 2661 steht

898 2671 953 2706 oft
972 2673 1088 2717 siqnis
1108 2672 1249 2707 collatis
1275 2675 1319 2715 (z.
1341 2672 1382 2706 B.
1408 2676 1440 2712 2,
1463 2676 1519 2716 50,
1543 2677 1578 2714 13
1610 2675 1643 2713 4,

898 2723 953 2761 61,
975 2720 1012 2762 5)
1037 2731 1099 2753 zur
1118 2719 1381 2763 Bezeichnung
1401 2719 1499 2753 eines
1525 2720 1644 2764 regel-

896 2765 1048 2800 rechten
1074 2765 1263 2810 Kampfes.

946 2821 976 2852 7.
993 2817 1180 2863 memoria]
1195 2817 1326 2852 ‘durch
1340 2817 1399 2853 die
1412 2817 1644 2864 Erinnerung

897 2863 959 2899 an’
989 2866 1060 2909 (21,
1082 2868 1138 2908 53,
1160 2868 1197 2907 2;
1227 2868 1283 2909 33,
1303 2868 1361 2909 45,
1382 2866 1430 2909 8).
