1794 3084
637 75 779 111 LIBER
804 75 848 111 V.
893 73 996 110 CAP.
1022 78 1079 110 27.
1577 74 1634 117 53

76 92 102 112 a.
121 85 188 112 chr.
207 93 236 111 n.
256 86 317 112 394.

77 185 255 240 eritque.
306 187 406 226 sunt
431 187 475 226 et
501 184 603 227 belli
630 185 739 226 sicut
769 184 888 239 pacis
921 184 1033 239 iura3
1064 184 1260 239 iusteque
1292 197 1342 225 ea
1374 197 1461 225 non
1493 184 1634 225 minus

78 258 207 299 quam
238 243 411 286 fortiter
443 244 666 286 didicimus
699 257 855 298 gerere.
914 258 1033 285 arma
1070 243 1279 285 habemus
1311 257 1399 285 non
1430 242 1633 285 adversus
1661 254 1681 286 7

78 317 172 345 eam
204 305 406 357 aetatem,
445 303 513 345 cui
545 303 674 345 etiam
707 302 846 358 captis
878 302 1054 344 urbibus
1085 303 1288 357 parcitur,
1326 302 1399 344 sed
1432 302 1634 344 adversus

77 365 268 404 armatos
301 365 344 404 et
374 364 511 417 ipsos,
550 362 622 417 qui
661 376 738 402 nec
777 361 884 402 laesi
921 376 998 403 nec
1036 361 1227 404 lacessiti
1266 376 1290 403 a
1327 361 1453 403 nobis
1495 364 1635 403 castra

75 421 273 464 Romana
305 422 358 463 ad
391 421 522 464 Veios
555 423 873 475 oppugnarunt.
936 435 1007 462 eos
1040 424 1104 475 tu,
1143 424 1350 476 quantum
1387 421 1431 462 in
1463 423 1506 462 te
1538 421 1634 475 fuit,
1660 431 1681 462 8

75 495 188 523 novo
216 480 373 523 scelere
399 481 556 534 vicisti3
584 494 663 535 ego
691 478 897 521 Romanis
924 480 1102 531 artibus,
1128 481 1299 535 virtute,
1326 495 1466 535 opere,
1492 480 1636 534 armis,

77 540 189 582 sicut
227 539 378 594 Veios,
416 538 612 582 vincam?
674 538 934 580 denudatum
968 539 1119 580 deinde
1161 554 1256 581 eum
1295 540 1493 581 manibus
1537 542 1636 594 post
1661 549 1682 581 9

76 604 247 655 tergum
286 599 480 654 inligatis
517 598 802 640 reducendum
834 596 1026 639 Falerios
1065 599 1208 653 pueris
1240 598 1435 653 tradidit,
1471 599 1634 654 virgas-

77 673 157 714 que
178 659 252 712 eis,
281 659 434 714 quibus
454 657 720 712 proditorem
746 660 925 712 agerent
950 658 994 698 in
1025 658 1173 699 urbem
1194 659 1481 712 verberantes,
1508 657 1636 700 dedit.

193 717 261 758 Ad
281 717 394 772 quod
415 717 706 771 spectaculum
727 730 936 758 concursu
957 717 1105 770 populi
1125 717 1313 771 primum
1332 717 1460 772 facto,
1484 717 1635 759 deinde
1663 727 1706 759 10

75 791 100 818 a
125 776 454 831 magistratibus
483 776 532 817 de
559 790 605 817 re
631 790 746 818 nova
765 778 918 817 vocato
945 778 1096 817 senatu
1122 780 1244 818 tanta
1271 777 1452 818 mutatio
1481 777 1635 818 animis

75 837 141 877 est
170 835 347 890 iniecta,
385 839 450 889 ut,
489 835 562 890 qui
593 835 719 877 modo
759 834 923 876 efferati
961 835 1059 877 odio
1091 836 1238 890 iraque
1272 835 1521 877 Veientium
1553 836 1636 878 exi-

71 899 165 936 tum
197 909 332 949 paene
365 909 491 950 quam
520 892 805 949 Capenatium
838 909 988 950 pacem
1021 894 1211 949 mallent,
1245 895 1355 950 apud
1383 909 1454 936 eos
1487 909 1636 949 pacem

72 953 274 996 universa
312 957 509 1009 posceret
546 954 711 996 civitas.
773 953 879 995 fides
911 953 1125 1008 Romana,
1166 955 1331 996 iustitia
1362 954 1635 1009 imperatoris
1664 964 1706 995 11

72 1013 119 1054 111
155 1012 268 1064 foro,
312 1014 357 1054 in
396 1013 513 1055 curia
551 1014 809 1067 celebratur,
850 1028 1144 1068 consensuque
1190 1014 1381 1056 omnium
1413 1014 1545 1069 legati
1584 1014 1637 1056 ad

74 1070 306 1114 Camillum
343 1072 388 1114 in
427 1076 570 1114 castra
609 1075 736 1127 atque
775 1072 874 1114 inde
911 1073 1122 1127 permissu
1156 1071 1329 1115 Camilli
1360 1073 1546 1114 Romam
1585 1073 1636 1114 ad

74 1135 290 1187 senatum,
328 1133 398 1186 qui
432 1132 634 1174 dederent
664 1131 874 1184 Falerios,
911 1132 1253 1186 proficiscuntur.
1315 1133 1548 1174 introducti
1582 1132 1636 1174 ad
1664 1142 1706 1173 12

73 1194 270 1233 senatum
301 1192 365 1233 ita
397 1192 530 1233 locuti
561 1191 806 1233 traduntur:
853 1190 1020 1233 ‘Patres
1053 1192 1301 1246 conscripti,
1340 1192 1537 1246 victoria,
1570 1192 1638 1233 cui

72 1265 149 1292 nec
181 1251 284 1292 deus
321 1265 399 1293 nec
436 1250 565 1292 homo
606 1251 833 1306 quisquam
866 1250 1074 1304 invideat,
1113 1251 1214 1292 victi
1254 1266 1279 1292 a
1317 1251 1439 1293 vobis
1478 1254 1521 1291 et
1558 1250 1636 1292 im-

72 1312 272 1364 peratore
303 1313 446 1352 vestro
474 1309 668 1351 dedimus
693 1324 772 1352 nos
805 1310 940 1365 vobis,
972 1311 1069 1366 rati,
1101 1325 1185 1365 quo
1217 1310 1327 1352 nihil
1360 1310 1513 1352 victori
1543 1310 1637 1364 pul-

73 1369 216 1411 chrius
267 1371 350 1423 est,
399 1370 553 1411 melius
602 1383 681 1411 nos
733 1369 811 1411 sub
862 1370 1043 1424 imperio
1095 1372 1236 1411 vestro
1289 1384 1417 1424 qua-m
1467 1369 1636 1425 legibus

71 1428 232 1470 nostris
270 1429 470 1470 victuros.
547 1432 703 1470 eventu
740 1429 867 1470 huius
914 1429 1018 1470 belli
1062 1429 1144 1471 duo
1193 1429 1399 1470 salutaria
1443 1429 1636 1484 exempla
1664 1439 1706 1470 13

71 1487 245 1542 prodita
280 1488 468 1530 humano
508 1488 656 1544 generi
687 1491 806 1543 sunt3
852 1503 928 1530 vos
966 1488 1094 1530 fidem
1126 1489 1172 1530 in
1210 1488 1323 1531 bello
1357 1503 1487 1544 quam
1518 1502 1636 1543 prae-

71 1550 235 1589 sentem
268 1547 493 1590 victoriam
525 1548 759 1602 maluistis,
791 1562 870 1590 nos
897 1548 979 1590 fide
1010 1549 1230 1604 provocati
1263 1547 1489 1590 victoriam
1521 1549 1635 1589 ultro

118 1699 176 1745 ea]
204 1717 248 1728 =
275 1700 386 1744 bella,
422 1711 488 1735 aus
522 1700 606 1735 dem
639 1699 820 1735 betonten

72 1747 156 1782 belli
187 1749 247 1792 (=
280 1748 467 1792 bellorum)
504 1759 549 1782 zu
583 1748 817 1783 entnehmen.

109 1809 152 1850 .⁷·
178 1807 351 1842 adversus
370 1810 529 1842 armatos
548 1810 581 1841 et
599 1807 711 1852 ipsos]
737 1807 819 1841 ‘nur

71 1863 194 1898 gegen
229 1852 460 1899 diejenigen‚
497 1854 639 1889 welche
677 1854 817 1899 gleich-

69 1900 158 1954 falls
195 1901 394 1937 bewaffnet
432 1901 543 1945 sind’‚
588 1902 701 1936 naml.
747 1901 817 1937 wie

70 1960 396 2042 mgppuyvmrunt]
423 1996 515 2042 Kap.
538 1999 571 2039 8,
599 2000 618 2030 7
646 2008 678 2032 11.
708 2000 762 2041 13,
785 2001 816 2033 9.

119 2057 151 2090 8.
190 2055 370 2091 Romanis
402 2056 563 2102 artibus]
603 2056 718 2091 durch
757 2056 817 2090 die

69 2101 134 2137 bei
169 2103 241 2138 den
274 2103 438 2138 Romern
473 2103 648 2139 fiblichen
680 2103 816 2148 Mittel,

71 2149 169 2185 nach
195 2151 330 2186 Romer
354 2151 435 2186 Art.

116 2197 237 2244 opere]
281 2197 488 2234 kollektiv:
546 2197 815 2244 Belagerungs-

69 2245 193 2280 werke
220 2245 310 2291 (vgl.
336 2245 429 2291 Kap.
458 2250 490 2291 5,
517 2248 563 2291 8).

120 2308 173 2340 10.
191 2304 433 2350 Capenatium
440 2305 585 2351 pacem]
600 2305 693 2350 Kap.
708 2309 766 2349 24,
781 2309 814 2340 3.

117 2353 280 2399 mallent]
301 2352 409 2398 Konj.
429 2355 526 2388 trotz
541 2354 814 2398 vorausgehen-

69 2399 154 2435 dem
173 2411 292 2445 paene
317 2411 445 2445 wegeu
473 2401 535 2435 des
555 2400 816 2436 adversativen

68 2446 345 2483 Verbaltnisses
376 2447 560 2484 zwischen
593 2448 677 2483 dem
703 2448 814 2483 Rela-

68 2494 205 2530 tivsatz
244 2495 321 2530 und
359 2495 442 2530 dem
481 2495 688 2540 Hauptsatz
726 2496 813 2539 (vgl.

68 2541 161 2588 Kap.
183 2546 239 2586 37,
269 2548 305 2586 1;
331 2547 364 2586 2,
385 2546 440 2587 34,
470 2547 531 2586 103
557 2547 614 2587 24,
638 2546 670 2586 5,
692 2547 729 2586 33
757 2546 815 2587 25,

117 2593 219 2682 apud
251 2648 307 2673 eos
339 2638 426 2685 etc]
459 2637 815 2673 nachdrucksvoller

70 2684 143 2719 als:
170 2695 290 2721 omnes
309 2696 438 2731 pacem
457 2689 655 2731 poscerent.

119 2747 173 2779 11.
200 2743 304 2791 sides]
333 2744 617 2780 ‘Redlichkeit’.
659 2748 752 2787 §13.

69 2838 90 2874 b
110 2791 277 2874 lilustitia]
310 2792 380 2826 mit
404 2792 529 2838 Bezug
555 2793 621 2827 auf
643 2793 702 2828 die
726 2793 813 2828 iura

91 2848 109 2873 e
137 2840 162 2874 i.
200 2843 220 2882 ξ
241 2843 272 2875 6.

939 1701 988 1735 ad
1009 1700 1218 1747 Camillum]
1239 1700 1308 1735 mit
1326 1700 1553 1735 Nachdruck
1570 1711 1636 1736 vor

892 1749 933 1782 in
957 1751 1079 1783 eastra
1104 1749 1258 1792 gesetzt.

941 1799 995 1830 12.
1029 1796 1078 1830 ad
1101 1795 1280 1841 senatum]
1314 1806 1393 1830 vor
1419 1795 1491 1830 den
1517 1794 1550 1830 S.
1586 1797 1634 1840 (3,

891 1846 925 1885 4,
947 1844 994 1886 6),
1020 1842 1059 1877 in
1085 1842 1155 1877 den
1182 1845 1357 1888 sp'ateren
1381 1841 1553 1877 Bfichern
1578 1844 1635 1877 ἱπ-

891 1890 1034 1925 troduci
1064 1891 1111 1925 in
1141 1893 1304 1925 senatum
1336 1891 1390 1935 (7,
1418 1893 1480 1933 30,
1509 1893 1544 1933 1;
1579 1893 1634 1934 10,

890 1941 954 1981 45,
981 1942 1020 1980 43
1053 1941 1115 1980 22,
1142 1941 1198 1981 37,
1232 1940 1282 1982 2),
1315 1938 1356 1972 in
1387 1938 1529 1973 curiam
1561 1939 1633 1982 (22,

937 2034 998 2067 eui
1024 2060 1054 2067 ..
1072 2062 1079 2069 .

890 2080 1005 2115 durch
1049 2079 1225 2115 Edelmut
1267 2090 1451 2124 errungen
1495 2080 1632 2115 wurde.

888 2127 963 2162 Der
989 2127 1220 2174 Konjunktiv
1246 2130 1297 2163 ist
1325 2127 1429 2163 nicht
1454 2129 1552 2162 etwa
1577 2126 1633 2162 als

887 2175 1055 2211 Wunsch
1098 2188 1143 2211 zu
1179 2175 1321 2220 fassen,
1367 2175 1523 2210 sondern
1562 2175 1633 2210 wie

885 2221 980 2268 Kap.
1006 2228 1063 2266 44,
1091 2226 1123 2258 4.

937 2271 1090 2317 leyibus]
1126 2270 1230 2306 Auch
1262 2269 1397 2305 hiemit
1420 2270 1472 2305 ist
1495 2271 1562 2305 sub
1588 2283 1632 2306 zu

887 2318 1103 2360 verbinden‚
1123 2318 1274 2354 obwohl
1293 2319 1397 2354 sonst
1415 2319 1509 2352 nach
1524 2329 1632 2363 quam

888 2364 947 2399 die
976 2364 1259 2410 Prapositionen
1290 2365 1511 2401 wiederholt
1541 2376 1630 2400 wer-

889 2413 976 2454 den;
1007 2414 1074 2449 sub
1101 2414 1237 2459 Ieyibus
1261 2414 1377 2448 vivere
1411 2413 1527 2448 findet
1552 2412 1631 2448 sich

888 2461 984 2495 auch
1005 2461 1153 2503 Liv.21‚
1175 2465 1208 2500 3.
1230 2464 1250 2495 6
1270 2473 1305 2495 11.
1325 2459 1456 2496 Iustin.
1477 2464 1534 2503 31,
1551 2465 1581 2504 1,
1596 2464 1629 2496 8.

937 2511 992 2543 13.
1015 2508 1256 2554 praesentem]
1279 2507 1629 2553 ‘augenblicklich’,

887 2555 921 2589 d.
949 2555 983 2590 h.
1011 2555 1050 2590 in
1081 2556 1201 2591 einem
1232 2555 1467 2600 Augenblick
1498 2567 1541 2590 zu
1573 2566 1630 2590 er-

886 2602 1042 2647 langen,
1086 2603 1175 2638 aber
1212 2603 1307 2638 auch
1345 2615 1414 2637 nur
1456 2602 1516 2637 ft'ir
1559 2602 1629 2637 den

885 2650 1121 2694 Augenblick
1141 2649 1361 2685 vorteilhaft
1380 2649 1487 2694 (Kap.
1503 2653 1535 2693 5,
1558 2652 1628 2694 12).

887 2697 1630 2780 ..1esssssgzfflizssssfezgeffffssffi’5¹:1²3

886 2793 1062 2836 quidnam
1094 2793 1261 2837 beneficio
1293 2793 1482 2837 provocati
1511 2774 1630 2837 fa’cere

885 2840 1075 2875 debemus?

1112 2033 1290 2079 invideat]
1330 2031 1416 2067 weil
1447 2032 1513 2067 der
1545 2031 1634 2078 Sieg
