1794 3084
62 91 89 109 a.
111 83 177 110 chr.
197 91 224 109 n.
245 84 304 109 399.
567 72 711 108 LIBER
736 72 779 107 V.
825 72 925 108 CAP.
956 78 1008 108 13.
1038 77 1091 108 14.
1568 72 1623 113 27

181 181 360 224 Interim
399 181 452 223 ad
490 180 621 224 Veios
659 185 796 224 terror
839 180 1066 236 multiplex
1106 180 1189 223 fuit
1228 181 1367 222 tribus
1408 181 1451 222 in
1493 196 1623 222 unum
1651 193 1671 224 9

63 241 191 284 bellis
224 241 407 283 collatis.
464 255 650 295 namque
682 241 849 294 eodem,
888 255 971 296 quo
1004 243 1148 293 antea,
1187 240 1312 282 modo
1346 240 1457 282 circa
1490 241 1625 282 muni-

64 303 225 354 menta,
263 313 358 342 cum
397 303 573 355 repente
606 298 846 354 Capenates
884 300 1126 354 Faliscique
1165 299 1355 341 subsidio
1394 300 1625 354 venissent,

62 359 266 402 adversus
303 362 392 401 tres
430 359 639 401 exercitus
680 359 856 414 ancipiti
900 359 1062 414 proelio
1108 362 1348 415 pugnatum
1387 361 1463 400 est.
1527 362 1624 400 ante
1654 370 1696 402 10

62 419 209 462 omnia
240 418 403 460 adiuvit
434 418 641 460 memoria
673 418 962 460 damnationis
995 416 1116 473 Sergi
1155 433 1204 460 ac
1237 418 1430 473 Vergini.
1480 418 1626 473 itaque

60 493 82 521 e
112 478 349 520 maioribus
382 479 553 532 castris,
586 477 696 519 unde
729 480 857 519 antea
889 480 1103 519 cessatum
1135 477 1295 532 fuerat,
1333 478 1452 519 brevi
1485 478 1625 532 spatio

63 537 379 580 circumductae
413 538 560 591 copiae
588 534 827 591 Capenates
859 536 903 577 in
936 537 1095 578 vallum
1123 536 1365 579 Romanum
1398 551 1544 579 versos
1572 537 1626 578 ab

61 600 186 653 tergo
220 597 538 652 adgrediuntur.
588 595 688 638 inde
720 610 867 651 pugna
900 600 1052 649 coepta
1085 598 1127 638 et
1154 595 1333 638 Faliscis
1367 596 1513 638 intulit
1542 599 1625 638 ter·
1657 607 1696 638 11

62 671 216 710 rorem,
241 655 589 710 trepidantesque
611 656 779 710 eruptio
801 669 851 697 ex
877 656 1029 697 castris
1057 659 1298 710 opportune
1318 657 1433 697 tacta
1460 656 1628 698 avertit.

61 716 256 771 repulsos
295 714 444 756 deinde
482 715 663 756 insecuti
700 715 887 756 victores
926 715 1146 770 ingentem
1186 715 1413 756 ediderunt
1444 715 1628 758 caedem.

60 788 139 816 nee
176 775 238 816 ita
274 775 412 816 multo
451 777 551 828 post
587 774 674 815 iam
715 774 872 828 palatis
911 774 1022 815 forte
1062 773 1197 815 oblati
1235 775 1513 828 populatores
1548 773 1627 816 Ca·
1657 784 1698 815 12

61 833 232 888 penatis
271 834 366 889 agri
402 833 610 888 reliquias
649 848 818 889 pugnae
857 833 1144 888 absumpsere.
1207 838 1249 875 et
1280 833 1527 875 Veientium
1561 848 1624 875 re-
1656 844 1698 876 13

61 893 275 950 fugientes
313 894 356 934 in
388 893 537 935 urbem
570 893 695 934 multi
727 896 827 934 ante
865 896 1013 947 portas
1047 893 1176 947 caesi,
1215 893 1315 934 dum
1357 907 1459 948 prae
1498 896 1626 946 metu,

59 967 114 994 ne
147 952 275 995 simul
307 952 528 994 Romanus
559 953 835 1007 irrumperet,
875 953 1054 994 obiectis
1087 952 1249 994 foribus
1283 956 1497 994 extremos
1531 967 1625 994 suo-

59 1027 154 1054 rum
187 1012 416 1054 exclusere.

179 1071 298 1113 Haec
331 1085 380 1113 eo
414 1085 528 1113 anno
562 1074 670 1113 acta.

61 1131 258 1185 aderant,
297 1145 478 1186 quorum
517 1145 650 1185 prope
683 1132 822 1172 maior
859 1130 1055 1184 patribus
1089 1145 1216 1184 quam
1255 1130 1357 1171 belli
1390 1144 1491 1172 cura
1524 1133 1628 1184 erat,

61 1190 218 1246 quippe
250 1205 336 1232 non
369 1190 733 1232 communicatum
766 1190 894 1231 modo
928 1204 1025 1231 cum
1057 1190 1198 1244 plebe,
1231 1189 1303 1230 sed
1334 1204 1468 1244 prope
1501 1190 1627 1231 amis-

61 1264 155 1291 sum
187 1250 458 1291 cernentibus
498 1264 713 1290 summum
752 1249 989 1303 imperium.
1052 1249 1196 1303 itaque
1236 1248 1485 1290 clarissimis
1523 1250 1626 1291 viris
1654 1260 1673 1290 ‘2

60 1323 112 1351 ex
138 1309 379 1363 composito
406 1308 675 1363 praeparatis
701 1308 753 1350 ad
779 1308 1025 1363 petendum,
1051 1323 1157 1363 quos
1183 1309 1484 1363 praetereundi
1510 1323 1627 1350 vere-

59 1367 260 1411 cundiam
287 1368 506 1410 crederent
531 1367 637 1422 fore,
668 1368 806 1410 nihilo
835 1368 978 1409 minus
1005 1368 1102 1422 ipsi,
1133 1368 1307 1421 perinde
1334 1383 1381 1409 ac
1413 1367 1450 1410 si
1477 1382 1627 1410 omnes

60 1427 278 1470 candidati
309 1431 468 1481 essent,
507 1432 662 1469 cuncta
701 1428 969 1482 experientes
1009 1442 1096 1469 non
1134 1427 1330 1469 homines
1370 1427 1515 1482 modo,
1553 1427 1628 1469 sed

60 1487 162 1529 deos
195 1488 325 1529 etiam
358 1487 594 1540 exciebant,
629 1487 674 1528 in
706 1487 960 1543 religionem
993 1490 1211 1528 vertentes
1244 1487 1420 1529 comitia
1451 1487 1625 1529 biennio

58 1546 227 1589 habita:
259 1547 403 1602 priore
433 1561 545 1589 anno
578 1547 896 1589 intolerandam
927 1546 1113 1588 hiemem
1146 1546 1437 1602 prodigiisque
1471 1546 1627 1588 divinis
1654 1558 1674 1588 3

59 1606 244 1648 similem
288 1610 501 1661 coortam,
551 1621 761 1661 proxumo
805 1621 894 1648 non
938 1606 1138 1661 prodigia
1182 1606 1254 1647 sed
1298 1607 1385 1648 iam
1431 1609 1627 1660 eventus3

732 1073 774 1112 et
805 1071 892 1112 iam
925 1070 1101 1112 comitia
1133 1071 1409 1112 tribunorum
1442 1071 1627 1112 militum
1647 1072 1701 1112 14

61 1710 144 1742 aus,
177 1710 264 1733 man
291 1700 421 1734 scheut
445 1699 539 1733 sich’
574 1701 621 1744 (2,
649 1703 680 1742 5,
708 1703 745 1740 3;
774 1703 806 1743 3,

61 1749 119 1790 22,
150 1751 184 1788 13
212 1751 244 1788 5,
271 1750 327 1789 30,
355 1751 374 1781 7
396 1758 430 1780 υ.
453 1750 510 1790 52,
536 1748 583 1791 8).
630 1746 808 1781 Daneben

61 1793 178 1828 findet
210 1792 289 1828 sich
321 1795 415 1829 auch
451 1795 579 1838 reliyio
611 1798 660 1830 est
699 1794 806 1838 (Kap.

61 1845 120 1884 40,
147 1845 185 1885 83
219 1845 253 1883 2,
281 1845 336 1881 62,
364 1845 402 1884 23
437 1845 470 1884 6,
496 1844 553 1885 27,
580 1842 616 1885 4)
652 1842 728 1876 und
754 1853 807 1877 re-

929 1698 992 1734 14.
1022 1703 1052 1733 1.
1079 1699 1213 1744 quippe
1297 1699 1539 1745 cernentibus]
1561 1711 1626 1733 un—

881 1745 1107 1781 klassisches
1157 1746 1320 1792 Partizip
1380 1748 1474 1782 statt
1523 1745 1625 1781 eines

883 1792 1009 1829 Satzes
1035 1793 1103 1828 mit
1131 1794 1264 1838 quippe
1289 1794 1361 1838 qui.

929 1844 962 1876 2.
976 1841 1230 1887 praeparatis]
1249 1840 1495 1876 ‘veranlasst’.
1523 1845 1555 1884 4,
1569 1844 1624 1885 57,

59 1889 192 1934 liyioni
216 1892 265 1924 est
292 1889 398 1934 (Kap.
427 1892 482 1932 31,
511 1890 558 1933 6).

109 1939 140 1971 9.
169 1936 328 1982 collatis]
355 1947 746 1981 zusammengezogen.

108 1983 232 2030 antea]
261 1983 354 2029 Kap.
383 1987 415 2027 8,
443 1988 463 2019 5
486 1985 535 2029 fg.

110 2035 164 2066 10.
191 2031 305 2078 unde]
327 2034 370 2066 st.
392 2032 467 2074 ubi,
493 2032 548 2066 als
570 2031 616 2066 ob
638 2031 696 2066 ein
716 2030 800 2066 Ver-

59 2079 148 2114 bum
174 2079 240 2114 der
265 2079 478 2124 Bewegung
511 2079 712 2124 nachfolge
747 2082 806 2124 (=

60 2137 135 2162 non
160 2127 373 2162 subventum
397 2128 544 2171 fuerat).

110 2177 165 2208 11.
191 2177 223 2209 et
243 2174 421 2221 Faliscis]
444 2191 487 2204 =
509 2175 616 2209 etiam
632 2173 805 2218 Faliscis,

61 2221 202 2257 welche
227 2233 313 2257 vom
346 2221 494 2267 grossen
526 2222 646 2267 Lager
678 2222 807 2257 weiter

62 2269 225 2304 entfernt
249 2281 384 2304 waren.

111 2319 165 2351 12.
190 2317 439 2364 populatores]
465 2316 593 2352 Livius
614 2319 708 2352 setzt
729 2316 808 2351 hier

62 2375 212 2408 voratus,
247 2364 327 2399 dass
360 2366 455 2400 auch
487 2363 525 2399 in
552 2364 689 2400 diesem
717 2363 807 2399 Jahr

62 2410 153 2457 (vgl.
191 2411 285 2457 Kap.
315 2415 374 2457 12,
408 2416 442 2455 5)
483 2411 565 2447 eine
603 2412 807 2457 Abteilung

62 2459 266 2494 ῐὸῐηίεοὶιθτ
296 2459 467 2505 Truppen
506 2460 544 2494 in
568 2459 642 2494 ‘das
675 2459 808 2494 Gebiet

63 2516 136 2541 von
162 2507 317 2551 Kapena
342 2506 566 2550 eingefalleu
594 2517 680 2541 war.

113 2557 166 2591 13.
202 2554 419 2601 Veientium]
447 2567 490 2589 zu
511 2554 715 2589 verbinden
738 2554 808 2588 mit

61 2602 185 2644 nausti,
229 2602 388 2637 welches
437 2602 553 2637 durch
590 2603 807 2647 refuqientes

61 2649 177 2684 naher
203 2649 395 2685 bestimmt
418 2649 521 2684 wird.

104 2697 213 2743 prae]
258 2696 339 2732 hier
375 2696 537 2742 zulassig
575 2707 703 2742 wegen
743 2696 807 2731 der

62 2744 263 2790 negativen
283 2744 504 2790 Bedeutung
523 2755 596 2780 von
616 2745 806 2786 exclusere,

64 2807 109 2819 =
127 2802 202 2827 ‘non
220 2792 496 2828 intromiserunt
515 2790 705 2838 (Subjekn
740 2790 773 2826 V
772 2802 806 2826 e-

62 2838 199 2884 ientes).

884 1893 923 1923 11
946 1889 1173 1933 primoribus
1192 1892 1344 1933 patrum
1365 1889 1415 1923 ad
1431 1889 1625 1933 petendum

882 1935 930 1979 (d.
958 1937 993 1971 h.
1026 1937 1075 1971 acl
1108 1936 1336 1971 tribunatum
1373 1937 1530 1972 militum
1561 1947 1626 1981 pe-

880 1984 1042 2029 tendum)
1063 1985 1310 2028 praeparatis.

926 2032 1195 2076 verecundiam]
1237 2030 1402 2066 ‘Scheu’.
1449 2035 1487 2076 3,
1514 2035 1578 2075 40,
1605 2035 1625 2066 5

882 2077 1078 2114 Claudium
1111 2079 1371 2124 interpellandi
1410 2080 1626 2115 verecundia

879 2127 963 2169 fuit.

927 2174 1130 2220 exciebant]
1164 2175 1305 2209 setzten
1337 2174 1375 2208 in
1400 2173 1626 2220 Bewegung‚

878 2221 997 2256 riefen
1024 2233 1067 2256 zu
1096 2221 1218 2257 Hfilfe.
1264 2225 1321 2265 22,
1351 2225 1406 2263 14,
1435 2226 1465 2256 7.

927 2269 968 2303 in
993 2270 1202 2314 reliyionem
1215 2273 1359 2313 vertere,
1386 2281 1465 2303 zum
1483 2269 1626 2314 Gegen-

881 2317 990 2351 stand
1016 2315 1212 2361 religioser
1230 2316 1431 2352 Bedenken
1451 2317 1626 2352 macheu:

883 2367 945 2407 26,
975 2367 1034 2409 11,
1061 2368 1098 2407 4;
1132 2369 1195 2409 30,
1229 2367 1291 2408 38,
1322 2369 1374 2400 10.
1420 2363 1624 2410 Vg1.Kap.

880 2415 937 2455 23,
965 2415 995 2447 s.

928 2463 959 2494 3.
988 2460 1114 2503 priore
1140 2486 1148 2493 .
1165 2487 1194 2493 ..
1216 2458 1404 2505 proximo]
1432 2459 1624 2494 Letzteres

880 2506 1097 2541 bezeichnet
1128 2507 1194 2541 das
1230 2506 1405 2541 lausende
1439 2507 1541 2549 Jahr,
1578 2507 1625 2541 da

880 2555 957 2588 erst
976 2553 1035 2589 bei
1056 2557 1075 2595 ξ
1091 2558 1111 2589 6
1132 2553 1190 2588 ein
1211 2564 1323 2588 neues
1343 2553 1434 2588 Jahr
1456 2553 1623 2599 beginnt,

874 2602 1000 2646 priore
1033 2604 1091 2643 (=
1123 2602 1323 2646 superiore)
1356 2601 1421 2636 das
1452 2601 1624 2636 letztver-

879 2659 1060 2693 gangene

927 2694 1094 2741 similem]
1110 2696 1250 2740 Wegen
1267 2695 1388 2730 seiner
1399 2696 1624 2741 ungewohn-

879 2742 1003 2778 lichen
1019 2742 1175 2788 Strenge
1196 2742 1323 2777 schien
1341 2754 1380 2777 er
1395 2743 1475 2778 eine
1490 2743 1622 2778 himm-

879 2789 995 2826 lische
1021 2790 1216 2835 Warnung
1240 2803 1284 2825 zu
1310 2790 1400 2827 sein.

926 2838 1086 2883 eventus]
1112 2837 1192 2873 scil.
1218 2838 1332 2882 fuisse
1358 2840 1439 2883 (aus
1465 2841 1625 2874 coortam
