1794 3084
147 68 202 109 34
696 69 839 103 LIBER
867 70 925 105 VI.
978 68 1078 105 CAP.
1107 74 1160 104 15.
1505 87 1530 105 a.
1552 88 1580 106 u.
1602 88 1626 106 c.
1645 81 1711 108 369.

147 179 293 228 natus,
339 176 437 218 hinc
478 177 617 230 plebs,
663 191 786 217 suum
826 177 1003 231 quisque
1042 177 1259 218 intuentes
1300 177 1467 232 ducem,
1511 178 1628 221 velut
1664 179 1708 220 in

148 236 236 276 acie
269 237 569 277 constiterant.

266 294 377 335 Tum
412 295 596 335 dictator
629 294 802 334 silentio
834 294 948 335 facto
983 292 1193 335 ‘utinam'
1232 295 1371 349 inquit
1416 293 1543 336 <mihi
1575 295 1705 350 patri-

148 353 311 407 busque
353 352 558 393 Romanis
603 352 664 393 ita
710 353 759 393 de
804 352 957 393 ceteris
995 353 1120 393 rebus
1167 367 1261 394 cum
1301 353 1426 406 plebe
1471 353 1712 408 conveniat,

150 411 509 466 quemadmodum
546 411 657 465 quod
698 411 749 452 ad
781 413 823 451 te
857 411 1012 452 attinet
1054 426 1231 465 eamque
1264 425 1371 465 rem,
1415 426 1541 466 quam
1581 412 1630 454 de
1668 417 1710 454 te

151 485 243 511 sum
276 470 571 524 quaesiturus,
612 472 920 511 conventurum
960 470 1064 510 satis
1105 470 1284 512 confido.
1345 485 1462 524 spem
1495 470 1654 513 factam
1686 486 1712 512 a

151 532 194 570 te
227 529 392 569 civitati
427 528 562 580 video,
595 528 677 569 fide
710 528 915 570 incolumi
948 543 998 569 ex
1029 528 1243 570 thesauris
1271 528 1458 580 Gallicis,
1491 544 1595 584 quos
1626 530 1709 584 pri-

151 602 292 628 mores
335 591 506 641 patrum
549 588 777 640 occultent,
822 587 1029 628 creditum
1072 587 1181 628 solvi
1226 601 1364 641 posse.
1438 588 1503 629 cui
1536 602 1615 644 ego
1649 589 1712 630 rei

151 648 321 687 tantum
354 646 477 687 abest
502 647 550 687 ut
575 646 880 700 impedimento
909 647 1008 699 sim,
1041 649 1088 686 ut
1115 648 1263 687 contra
1289 648 1350 699 te,
1381 645 1436 687 M.
1458 646 1609 698 Manli,
1642 647 1709 688 ad-

151 705 312 757 horter,
350 705 506 746 liberes
538 704 713 746 faenore
752 705 921 758 plebem
955 704 1194 745 Romanam
1234 708 1275 745 et
1314 705 1420 746 istos
1452 705 1706 747 incubantes

152 763 338 818 publicis
377 763 591 805 thesauris
630 778 679 804 ex
717 764 876 817 praeda
915 763 1181 804 clandestina
1219 764 1404 806 evolvas,
1473 764 1587 818 quod
1625 764 1710 806 nisi
1779 784 1788 793 .

152 823 278 875 facis,
318 823 405 864 sive
437 824 486 863 ut
519 824 560 863 et
592 822 682 877 ipse
715 823 759 863 in
791 825 913 876 parte
946 822 1127 876 praedae
1160 822 1238 876 sis,
1284 822 1372 863 sive
1411 823 1511 876 quia
1548 837 1707 864 vanum
1792 832 1793 843 ¹

154 881 356 923 indicium
390 883 472 934 est,
504 881 549 922 in
581 882 722 922 vincla
753 883 796 922 te
829 881 925 921 duci
956 881 1129 935 iubebo,
1161 895 1237 922 nee
1264 881 1424 922 diutius
1452 882 1592 935 patiar
1617 896 1642 923 a
1666 884 1709 923 te

155 940 473 981 multitudinem
505 939 651 981 fallaci
685 954 758 993 spe
792 938 1031 981 concitari'.

273 997 341 1040 Ad
369 1014 418 1040 ea
437 998 625 1039 Manlius
657 1013 734 1040 nec
768 1013 811 1039 se
844 998 1047 1039 fefellisse
1075 998 1153 1052 ait,
1186 1013 1272 1039 non
1299 998 1500 1039 adversus
1521 997 1714 1052 Volscos,

153 1058 314 1100 totiens
335 1058 492 1111 hostis,
526 1058 724 1112 quotiens
745 1057 940 1111 patribus
961 1057 1175 1111 expediat,
1206 1071 1284 1097 nec
1311 1057 1514 1098 adversus
1531 1056 1712 1098 Latinos

154 1117 469 1170 Hernicosque,
510 1131 615 1170 quos
654 1116 776 1158 falsis
810 1115 1058 1157 criminibus
1098 1116 1143 1156 in
1182 1130 1301 1156 arma
1334 1119 1486 1171 agant,
1529 1115 1603 1157 sed
1642 1115 1713 1157 ad-

155 1190 301 1217 versus
336 1189 379 1217 se
414 1190 461 1216 ac
493 1175 662 1229 plebem
695 1175 934 1216 Romanam
967 1174 1221 1216 dictatorem
1256 1177 1444 1215 creat-um
1477 1189 1586 1229 esse3
1629 1175 1715 1215 iam
1774 1183 1775 1186 ’

156 1235 314 1276 omisso
348 1234 481 1288 bello,
526 1234 639 1288 quod
674 1234 923 1274 simulatum
956 1234 1030 1287 sit,
1071 1233 1116 1274 in
1149 1247 1190 1274 se
1228 1233 1437 1287 impetum
1473 1233 1584 1286 fieri,
1628 1232 1716 1275 iam

156 1293 410 1335 dictat01em
438 1293 629 1347 profiteri
654 1293 942 1346 patiocinium
963 1291 1280 1333 faeneratorum
1302 1292 1504 1333 adversus
1532 1292 1716 1346 plebem,
1771 1296 1774 1301 '

155 1352 242 1392 iam
283 1352 365 1393 sibi
404 1366 454 1392 ex
491 1351 637 1392 favore
676 1351 964 1392 multitudinis
1004 1352 1164 1391 crimen
1204 1353 1246 1391 et
1282 1351 1515 1404 peiniciem
1556 1351 1715 1405 quaeri.

158 1409 365 1452 offendit'
398 1410 536 1464 inquit
569 1409 639 1464 ete,
671 1410 721 1451 A.
743 1408 933 1462 Corneli,
951 1424 1145 1475 wosque,
1177 1412 1320 1462 patres
1354 1409 1603 1464 conscripti,
1636 1409 1716 1451 cir-

157 1469 353 1511 cumfusa
384 1470 513 1510 turba
544 1469 668 1510 lateri
708 1483 813 1510 meo.
889 1468 992 1524 quin
1031 1482 1124 1509 eam
1163 1467 1363 1509 diducitis
1403 1483 1428 1509 a
1459 1483 1525 1509 me
1559 1467 1718 1523 singuli

205 1613 238 1642 3.
265 1608 427 1653 quisque]
463 1606 521 1641 fiir
546 1609 707 1652 utrique,
744 1608 900 1653 Apposi-

157 1655 237 1690 tion
264 1667 307 1689 zu
332 1659 478 1690 senatus
503 1655 578 1689 und
603 1656 711 1699 plebs

206 1706 237 1736 4.
266 1702 470 1747 conveniat]
485 1703 574 1736 mihi
588 1713 669 1737 cum
683 1703 806 1746 aliquo
820 1713 900 1737 cou—

157 1747 274 1792 υέηἱί,
312 1749 373 1783 ich
406 1750 470 1783 bin
502 1749 571 1783 mit
598 1749 752 1794 jemand
790 1748 900 1794 einig,

157 1796 451 1831 einverstanden.

206 1844 319 1888 quod.
335 1843 461 1889 ..rem]
473 1844 566 1878 =de
581 1846 612 1878 te
630 1854 740 1887 eaque
757 1854 805 1878 re.
832 1842 901 1877 Die

157 1890 296 1925 Phr-ase
323 1891 418 1935 quod
444 1891 572 1925 attinet
599 1891 647 1925 ad
675 1891 764 1924 ‘was
791 1890 902 1924 anbe—

158 1937 270 1972 trifft’
313 1937 429 1971 findet
467 1937 546 1972 sich
576 1937 638 1972 bei
669 1937 795 1973 Livius
828 1937 902 1979 oft3

208 2031 482 2077 conventurum]
508 2031 620 2066 n‘aml.
642 2041 713 2066 esse
732 2031 821 2065 mihi
833 2042 902 2075 pa-

160 2079 344 2122 tribusque
369 2078 548 2112 Romanis
573 2089 653 2113 cum
675 2078 785 2122 plebe.

210 2129 240 2159 ὃ.
267 2125 336 2168 fide
360 2125 550 2170 ineolumi]
585 2125 696 2159 ‘ohne
729 2124 904 2159 Nachteil

161 2172 220 2206 fur
253 2172 324 2205 den
357 2172 515 2215 Kredit’,
550 2171 675 2206 indem
707 2171 767 2205 die
794 2171 904 2206 Glau-

161 2219 268 2262 biger
304 2218 362 2252 fiir
399 2219 479 2252 ihre
519 2218 783 2263 Forderungen
827 2218 904 2253 voll

162 2265 377 2300 ausbezahlt
402 2266 559 2300 werden.

209 2313 398 2358 creditum]
415 2313 596 2347 substant.
615 2312 688 2347 ‘die
704 2312 903 2355 Darlehen,

164 2359 384 2402 Schulden'3
414 2358 491 2394 scil.
520 2370 589 2394 aes.

210 2406 352 2452 contra]
380 2406 546 2449 Adverb,
576 2406 647 2440 ‘im
675 2406 902 2451 Gegenteil’.

211 2454 395 2499 adhortor]
422 2453 492 2486 mit
517 2453 827 2497 nachfolgendem
847 2453 904 2487 Fi-

162 2501 304 2536 nalsatz
332 2501 427 2534 ohne
453 2504 493 2534 ut
520 2500 603 2544 (wie
619 2499 905 2544 Ter.Eun.583)‚

165 2549 299 2583 ebenso
327 2551 346 2590 ξ
370 2552 411 2582 10
437 2548 559 2582 hortor
586 2547 672 2592 (vgl.
702 2547 803 2582 Caes
825 2548 859 2583 b.
877 2559 904 2582 c.

212 2624 438 2687 iuc'ubautes]
467 2641 621 2675 ‘welche
648 2641 739 2675 iiber
823 2641 905 2675 brii-

163 2689 256 2724 ten'.
316 2689 389 2723 Der
420 2688 613 2722 Ausdruck
651 2688 701 2722 ist
733 2698 803 2721 von
836 2687 906 2722 den

164 2736 330 2777 Hennen‚
357 2736 496 2770 welche
522 2734 697 2769 wahrend
728 2735 791 2768 des
816 2734 905 2769 Bru-

164 2784 246 2817 tens
285 2794 353 2817 nur
391 2782 461 2816 mit
499 2781 642 2816 Gewalt
686 2792 756 2816 von
801 2782 906 2815 ihren

162 2829 323 2864 Nestern
354 2829 596 2874 fortgerissen
633 2827 781 2863 werden
815 2828 905 2862 kon-

974 1618 1062 1651 nen,
1100 1607 1165 1641 auf
1194 1606 1252 1641 die
1284 1607 1374 1641 fiber
1407 1607 1526 1642 einem
1559 1606 1715 1642 Schatze

974 1654 1201 1689 wachenden
1220 1653 1425 1688 Wucherer
1450 1654 1684 1698 fibertragen.

1023 1717 1054 1748 6.
1076 1714 1116 1747 iu
1127 1712 1248 1759 parte]
1263 1730 1306 1743 =
1312 1713 1508 1757 particeps.
1528 1712 1717 1757 Kap.37,4.

1021 1767 1063 1800 iu
1081 1767 1203 1801 vincla
1222 1769 1254 1801 te
1274 1767 1360 1801 duci
1378 1765 1522 1812 iubebo]
1546 1765 1718 1801 Dieselbe

974 1813 1122 1848 Formel
1148 1817 1180 1856 3,
1201 1816 1257 1856 56,
1278 1817 1309 1847 4.

1023 1871 1054 1902 7.
1082 1868 1130 1902 ad
1156 1867 1212 1912 ea]
1241 1867 1289 1901 ad
1313 1865 1353 1900 in
1371 1865 1617 1910 temporalem
1629 1865 1719 1900 Sinn

975 1914 1191 1949 bezeichnet
1216 1913 1276 1948 bei
1302 1912 1427 1948 Livius
1465 1913 1520 1947 oft
1543 1913 1603 1947 die
1628 1911 1718 1948 Ver-

976 1961 1190 2005 anlassung.
1241 1961 1333 2005 Kap.
1355 1963 1411 2003 34,
1433 1964 1464 1994 6.

1023 2024 1086 2048 uec
1106 2014 1155 2059 se]
1172 2030 1215 2042 =
1229 2024 1265 2048 se
1282 2024 1373 2055 uou3
1397 2012 1599 2056 cigentlich
1609 2012 1719 2047 ‘auch

975 2061 1053 2094 ihm
1078 2059 1210 2104 nicht',
1236 2071 1280 2094 ue
1304 2070 1340 2094 se
1364 2060 1522 2104 quidem:
1556 2070 1632 2094 was
1659 2059 1719 2094 die

975 2107 1143 2152 H'aupter
1169 2106 1233 2141 des
1247 2106 1376 2142 Senats
1402 2105 1478 2140 und
1503 2106 1568 2141 der
1586 2105 1721 2141 Dikta-

975 2156 1036 2189 tor
1068 2153 1242 2197 wfissten,
1281 2153 1334 2188 sei
1370 2153 1466 2188 auch
1500 2152 1578 2187 ihm
1615 2154 1720 2189 nicht

977 2203 1199 2246 entgangen.
1249 2204 1305 2244 21,
1327 2205 1382 2243 22,
1405 2205 1435 2235 1.

1024 2254 1131 2296 falsis
1157 2254 1385 2299 criminibus]
1419 2253 1535 2288 durch
1567 2253 1626 2289 die
1650 2253 1719 2288 fal-

978 2301 1064 2336 sche
1084 2300 1399 2345 Beschuldigung‚
1426 2301 1480 2335 sie
1505 2301 1633 2335 hatten
1654 2301 1719 2336 das

976 2348 1142 2383 Biindnis
1162 2348 1232 2382 mit
1251 2348 1345 2382 Rom
1371 2347 1590 2392 gebrochen.
1624 2347 1718 2392 Kap.

1026 2451 1057 2482 8.
1085 2448 1253 2492 profiteri
1278 2447 1545 2492 patrocinium]
1573 2457 1718 2492 311νο-

977 2495 1073 2537 fueri
1097 2505 1132 2529 se
1153 2497 1362 2538 patronum,
1389 2493 1532 2528 erklare
1558 2494 1637 2529 sich
1664 2492 1718 2528 als

978 2541 1211 2576 Beschfitzer.

1025 2595 1097 2629 sibi
1202 2594 1345 2639 quaeri]
1373 2593 1455 2635 Vgl.
1480 2597 1512 2636 4,
1533 2597 1590 2637 44,
1610 2597 1631 2628 9
1655 2603 1720 2628 nec

979 2645 1054 2676 tum
1080 2651 1208 2685 agarum
1230 2641 1337 2684 plebi,
1363 2641 1424 2675 sed
1445 2640 1516 2675 sibi
1539 2641 1717 2675 iuvidiam

979 2689 1114 2732 quaeri.
1171 2689 1248 2721 Aus
1275 2687 1340 2721 der
1367 2685 1486 2721 Gunst
1517 2685 1582 2722 der
1605 2687 1717 2721 Plebs

978 2734 1145 2769 bereiten
1171 2734 1228 2768 die
1256 2732 1432 2768 Patrizier
1457 2733 1541 2768 dem
1559 2733 1718 2768 Manlius

980 2782 1060 2816 eine
1104 2781 1275 2825 Anklage
1319 2791 1449 2825 wegen
1487 2780 1719 2816 Hoehverrat

977 2828 1053 2863 und
1079 2827 1138 2863 die
1163 2827 1422 2872 Hinrichtung.
