1794 3084
60 95 86 114 a.
100 88 150 116 Ch.
165 96 193 114 n.
206 89 266 115 381.

59 186 248 242 pedestri
280 199 426 241 pugna
457 185 658 228 invadere
691 186 870 228 hostem.

59 261 153 302 que,
190 259 273 300 qua
310 244 448 299 premi
488 247 612 298 parte
651 245 837 286 maxime
876 245 1066 299 peditum
1107 245 1252 300 copias
1290 244 1448 287 vident.

571 77 714 113 LIBER
739 77 800 113 VI.
852 76 952 113 CAP.
980 81 1036 113 24.
1063 81 1119 113 25.
1570 78 1628 120 55

934 189 1037 228 eunt
1067 186 1260 241 insignes
1293 186 1423 227 armis
1451 187 1624 228 animis-

1511 245 1623 286 nihil

58 318 196 360 neque
240 303 353 358 apud
398 302 526 344 duces
570 318 708 357 neque
754 303 866 358 apud
911 304 1069 346 milites
1109 304 1345 346 remittitur
1390 319 1415 345 a
1454 318 1622 345 summo

59 362 293 406 certamine
326 361 470 403 animi.
522 362 657 403 sensit
688 376 788 417 ergo
822 366 998 404 eventus
1031 363 1204 405 virtutis
1238 364 1388 405 enixae
1417 377 1554 417 opem,
1581 366 1623 404 et
1654 374 1695 406 11

60 422 220 474 Volsci,
255 436 338 476 qua
365 420 492 462 modo
521 421 724 464 simulato
753 425 866 462 metu
895 425 1125 475 cesserant,
1157 437 1207 464 ea
1232 423 1276 463 in
1303 437 1448 464 veram
1473 422 1623 477 fugam

58 481 193 524 effusi.
231 493 390 535 magna
416 494 515 534 pars
543 483 585 521 et
610 480 655 521 in
686 480 781 534 ipso
815 482 1047 522 certamine
1081 485 1122 522 et
1154 484 1253 536 post
1285 482 1328 523 in
1360 481 1466 535 fuga
1498 482 1624 534 caesi,

58 541 188 583 ceteri
220 540 265 580 in
298 539 462 592 castris,
496 553 603 593 quae
635 542 761 593 capta
788 539 935 581 eodem
961 540 1124 594 impetu
1153 543 1269 594 sunt3
1304 540 1447 595 plures
1473 543 1623 582 tamen

58 599 174 654 capti
206 613 334 654 quam
367 598 508 639 occisi.

178 657 263 700 Ubi
289 658 334 698 in
359 656 628 698 recensendis
656 657 838 712 captivis
866 671 961 699 cum
988 658 1222 712 Tusculani
1250 659 1415 714 aliquot
1440 659 1620 701 noscita·
1638 659 1697 702 25

57 719 216 771 rentur,
255 717 407 758 secreti
447 716 500 757 ab
541 716 636 757 aliis
677 716 730 758 ad
768 716 970 758 tribunos
1003 717 1273 759 adducuntur
1310 718 1622 772 percunctanti·

57 777 222 831 busque
259 775 365 817 fassi
403 775 574 830 publico
613 776 791 817 consilio
832 790 876 817 50
915 776 1136 818 militasse.

1206 777 1324 818 cuius
1363 780 1454 818 tam
1494 777 1624 819 vicini
1650 789 1670 819 2

57 836 163 878 belli
190 837 306 877 metu
327 833 535 876 Camillus
568 838 711 876 motus
739 835 954 889 extemplo
982 851 1025 876 se
1047 835 1230 878 Romam
1258 836 1623 890 captivosductu-

57 910 152 938 rum
185 895 256 948 ait,
287 908 340 936 110
366 896 512 948 patres
539 894 680 948 ignari
709 894 794 935 sint
814 894 1078 936 Tusculanos
1107 896 1160 937 ab
1188 895 1394 937 societate
1421 895 1624 948 descisse3

56 954 208 997 castris
243 952 530 1008 exercituique
562 953 748 1006 interim,
782 953 818 994 si
844 953 1051 1008 videatur,
1083 955 1247 1009 praesit
1274 955 1451 1010 collega.
1500 954 1625 996 docu-
1653 966 1674 998 3

56 1016 202 1056 mento
235 1027 347 1054 unus
380 1013 469 1053 dies
502 1012 654 1066 fuerat,
685 1026 739 1053 ne
773 1027 850 1054 sua
882 1014 1063 1055 consilia
1095 1014 1345 1055 melioribus
1377 1014 1626 1068 praeferret.

56 1087 136 1115 1100
161 1074 309 1114 tamen
336 1074 410 1113 aut
436 1071 520 1125 ipsi
547 1074 622 1112 aut
647 1072 691 1112 in
717 1072 907 1113 exercitu
928 1072 1126 1127 cuiquam
1155 1073 1260 1114 satis
1288 1073 1459 1128 placato
1481 1073 1626 1114 animo

56 1131 263 1174 Camillus
295 1131 460 1172 laturus
494 1130 662 1184 culpam
696 1130 786 1172 eius
819 1130 1059 1185 videbatur,
1093 1147 1176 1186 qua
1197 1132 1297 1174 data
1316 1132 1362 1173 in
1388 1134 1479 1173 tam
1507 1146 1627 1186 prae-

57 1192 229 1246 cipitem
262 1204 408 1232 casum
435 1204 501 1231 res
528 1189 702 1244 publica
729 1193 860 1243 esset3
894 1192 936 1231 et
957 1205 1052 1232 cum
1073 1191 1117 1232 iu
1138 1191 1327 1232 exercitu
1347 1194 1439 1232 tum
1460 1190 1624 1232 Romae
1652 1202 1674 1233 4

56 1253 258 1293 constans
304 1249 496 1291 omnium
541 1249 657 1290 fama
703 1251 808 1303 erat,
853 1263 948 1291 011111
994 1250 1113 1291 varia
1156 1250 1332 1291 fortuna
1370 1251 1416 1291 in
1454 1249 1622 1292 Volscis

57 1312 182 1366 gesta
213 1323 279 1350 res
313 1310 439 1362 esset,
472 1307 676 1349 adversae
709 1321 878 1363 pugnae
912 1308 1123 1364 fugaeque
1155 1310 1199 1350 111
1220 1308 1264 1352 L.
1286 1308 1415 1351 Furio
1444 1310 1627 1364 culpam,

56 1367 267 1411 secundae
305 1367 432 1409 decus
472 1381 599 1408 omne
636 1381 768 1420 penes
809 1367 865 1409 M.
898 1367 1075 1409 Furium
1118 1383 1224 1410 esse.

54 1430 253 1470 senatum
291 1426 475 1481 captivis
514 1440 609 1467 cum
652 1427 765 1468 bello
804 1427 1125 1482 persequendos
1166 1427 1434 1470 Tusculanos
1478 1431 1626 1482 patres

53 1568 93 1603 in
137 1567 203 1602 der
251 1566 358 1602 Nahe
408 1566 656 1602 befindlichen
705 1566 807 1601 Reit-

53 1615 253 1650 knechten.

102 1669 294 1704 certamine
319 1667 453 1713 animi]
482 1666 711 1701 ‘Wetteifer’
731 1668 805 1711 (37,

56 1720 112 1759 10,
145 1717 194 1760 2),
232 1715 350 1750 wofsir
389 1715 469 1750 sich
500 1715 596 1749 auch
628 1718 805 1749 certamen

54 1765 263 1799 animorum
295 1763 412 1797 findet
444 1765 490 1806 (2,
518 1765 573 1805 59,
605 1766 639 1804 1,
667 1765 724 1805 32,
745 1765 802 1805 20,

54 1815 92 1854 3;
119 1814 176 1854 40,
199 1815 254 1854 17,
274 1813 321 1854 3).

105 1869 157 1900 11.
197 1863 356 1910 eventus]
397 1862 682 1908 personifiziert‚
723 1862 804 1897 ‘der

55 1914 236 1957 Ausgang
267 1910 464 1946 erkannte‘
505 1912 598 1945 statt
632 1910 695 1944 ‘an
721 1910 806 1944 dem

53 1960 234 2005 Ausgang
259 1959 439 1993 erkannte
465 1957 581 1992 man’.

103 2011 245 2058 enixae]
275 2012 553 2057 ‘ange-strengt,
581 2010 704 2056 eifrig'
734 2012 805 2053 (42,

55 2063 94 2104 3,
121 2061 167 2104 1),
205 2060 245 2095 111
282 2058 404 2094 dieser
441 2057 664 2104 Bedeutung
701 2057 808 2093 nicht

54 2118 121 2143 vor
147 2106 286 2142 Livius.

101 2164 176 2206 quc-t
203 2189 212 2196 .
236 2188 242 2194 .
264 2188 271 2194 .
298 2160 357 2205 ec't]
396 2160 435 2194 in
467 2158 662 2194 derselben
693 2158 797 2193 Rich·

53 2209 176 2254 tung.
200 2235 207 2242 .
230 2236 236 2242 .
262 2207 301 2242 in
327 2207 498 2242 welcher.

103 2261 219 2296 eodem
246 2260 396 2306 impetu]
432 2260 545 2295 n'aml.
574 2260 690 2294 durch
717 2259 802 2294 wel-

55 2309 151 2344 chen
177 2308 236 2343 die
257 2307 417 2343 Volsker
441 2307 479 2342 in
500 2307 560 2342 die
581 2306 716 2342 Flucht
742 2318 802 2351 ge-

54 2355 193 2391 worfen
219 2355 370 2390 worden
395 2365 531 2389 waren.

103 2409 239 2455 tamen]
279 2408 573 2452 Beschranknng
617 2419 661 2441 zu
698 2407 806 2442 ceteri

55 2456 98 2491 in
133 2457 263 2491 castris
300 2457 405 2491 caesi.
439 2477 482 2481 —
518 2454 587 2490 Die
627 2454 805 2490 Schlacht

55 2502 177 2538 bleibt
196 2504 291 2538 ohne
311 2503 464 2548 Folgen.
498 2502 680 2537 Satricum
695 2501 803 2546 (Kap.

57 2553 115 2593 22,
146 2554 182 2594 4)
221 2551 312 2585 wird
357 2550 461 2585 nicht
505 2549 803 2590 zurfickerobert‚

56 2596 232 2633 Pr'aneste
282 2597 386 2632 nicht
435 2597 671 2642 gedemtitigt
715 2595 803 2641 (vgl.

56 2641 150 2690 Καρ.
188 2648 246 2689 28,
281 2646 328 2689 1),
365 2645 440 2679 und
479 2643 658 2679 Camillus
696 2642 806 2679 feiert

57 2689 191 2727 keinen
235 2691 430 2737 Triumph.
491 2691 684 2727 Demnach
728 2701 806 2725 war

59 2737 179 2774 dieser
205 2738 293 2784 Sieg
317 2739 590 2775 unbedeutend.

105 2796 170 2832 25.
198 2801 229 2832 1.
255 2797 336 2844 ubi]
353 2815 397 2827 =
411 2798 465 2833 ibi
477 2801 607 2841 autem,
622 2797 671 2832 im
686 2797 807 2842 Lager

59 2841 125 2878 der
148 2843 299 2880 Feinde.

928 1568 977 1602 ad
991 1567 1174 1614 tribunos]
1189 1568 1259 1602 den
1270 1566 1629 1605 beidenFeldherrn,

880 1615 929 1649 M.
955 1615 1086 1650 Furius
1112 1616 1188 1649 und
1214 1614 1252 1650 L.
1280 1614 1422 1649 Furius.

924 1662 1265 1708 percunctantibus]
1294 1662 1372 1697 scil.
1400 1663 1456 1696 iis.
1495 1661 1629 1697 Neben

880 1710 962 1744 dem
985 1709 1150 1755 Partieip
1172 1709 1285 1744 fallen
1308 1710 1368 1744 die
1383 1709 1540 1745 Formen
1553 1721 1628 1745 von

878 1758 910 1791 is
934 1757 972 1791 in
999 1757 1064 1792 der
1088 1756 1206 1801 Regel
1231 1768 1323 1801 weg.

926 1808 957 1840 2.
985 1805 1017 1840 si
1041 1804 1226 1850 videatur]
1256 1804 1378 1838 ‘wenn
1404 1815 1442 1839 05
1463 1803 1540 1839 111111
1567 1815 1628 1850 ge-

880 1851 990 1896 fallig
1005 1851 1086 1896 sei',
1101 1851 1206 1886 nicht
1220 1854 1347 1897 streng
1360 1864 1404 1886 zu
1418 1851 1627 1887 nehmende

880 1899 1284 1934 Hoflichkeitsformel:
1325 1904 1362 1944 2,
1390 1903 1452 1943 56,
1481 1903 1542 1943 123
1570 1903 1626 1942 26,

882 1950 936 1987 16,
957 1950 995 1990 4;
1022 1950 1079 1990 34,
1100 1950 1157 1991 46,
1178 1950 1210 1981 5.

927 1998 960 2028 3.
998 1994 1225 2040 documento]

879 2042 1104 2076 warnenclen
1130 2042 1321 2086 Beispiel’.
1361 2045 1392 2085 7,
1415 2046 1446 2084 6,
1470 2046 1511 2076 11
1539 2042 1628 2078 dele-

878 2092 954 2123 tum
980 2099 1060 2123 cum
1085 2090 1174 2124 duee
1200 2090 1393 2124 ezcercitum
1419 2090 1629 2125 documento

877 2137 1002 2180 sitisse,
1038 2147 1082 2171 110
1120 2137 1248 2172 deinde
1285 2137 1429 2172 turbato
1465 2138 1629 2182 yentium

876 2184 957 2218 iure
981 2184 1128 2219 comitia
1153 2185 1382 2220 haberentur.

924 2231 1059 2277 tamen]
1101 2231 1274 2276 obgleich
1308 2232 1345 2266 L.
1378 2231 1511 2266 Furius
1550 2230 1627 2266 sich

1267 1994 1345 2028 ‘zur
1374 1993 1505 2038 Lehre‚
1544 2006 1629 2029 zum

873 2278 969 2323 jetzt
1000 2289 1073 2313 von
1106 2278 1170 2313 der
1200 2277 1526 2314 Vortrefflichkeit
1564 2278 1629 2313 der

877 2324 1104 2406 {Iassregeln
1131 2325 1195 2360 des
1217 2324 1395 2361 Camillus
1421 2325 1627 2371 fiberzeugt

905 2373 995 2407 alte.

921 2421 1159 2465 praecipitem
1197 2419 1342 2464 casam]
1378 2419 1495 2465 jahen
1532 2418 1624 2462 Fau,

878 2467 912 2501 d.
940 2467 974 2502 h.
1015 2466 1247 2511 geffihrliche
1285 2467 1405 2512 Lage,
1444 2466 1625 2511 Abgrund

877 2514 943 2549 der
968 2513 1117 2549 Gefahr.

925 2565 957 2596 4.
1011 2561 1205 2607 fuyaeque]
1262 2560 1499 2596 erkliirendes
1549 2571 1627 2605 que,

878 2608 1089 2652 (‘n{imlich’
1120 2610 1185 2644 der
1210 2607 1371 2652 Flucht).
1429 2607 1535 2642 Nach
1561 2607 1628 2642 der

879 2654 1235 2700 Zwischenstellung
1266 2666 1337 2690 von
1369 2655 1547 2700 fugaeque
1573 2665 1627 2690 er-

879 2703 1013 2737 wartet
1038 2713 1136 2745 man,
1163 2702 1243 2737 dass
1270 2701 1331 2736 bei
1355 2703 1533 2737 secundae
1558 2701 1627 2737 das

879 2749 1069 2784 Substant.
1085 2761 1235 2794 pamiae
1254 2748 1476 2784 wiederholt
1489 2749 1627 2785 wfirde.

929 2801 959 2830 5.
993 2798 1128 2841 patres]
1162 2796 1236 2831 Der
1268 2796 1382 2831 Senat
1412 2796 1628 2832 beschliesst

880 2842 962 2878 hier
987 2843 1100 2879 allein
1126 2844 1197 2879 den
1224 2843 1338 2889 Krieg
1353 2843 1442 2889 (vgl.
1457 2842 1552 2889 Kap.
1571 2847 1626 2888 14,

1288 1368 1544 1410 introductis
1578 1369 1623 1409 in
1654 1380 1674 1411 5
