1794 3084
64 102 90 122 a.
110 95 175 122 Clu.
195 103 226 121 n.
247 96 306 122 390.

579 85 722 121 121ssssss
747 86 791 121 V.
836 83 938 120 CAP.
965 88 1020 120 49.
1048 88 1102 120 50.
1566 82 1621 124 89

185 192 410 236 Servatam
441 195 592 236 deinde
618 195 731 236 bello
758 194 946 248 patriam
972 193 1126 234 iterum
1153 193 1197 234 in
1223 206 1327 247 pace
1353 191 1468 233 haud
1495 191 1619 233 dubie
1647 202 1667 234 8

67 254 265 304 servavit,
299 268 396 296 cum
427 254 651 308 prohibuit
682 253 860 308 migrari
893 252 1043 302 Veios,
1076 257 1118 293 et
1149 251 1332 293 tribunis
1365 265 1455 292 rem
1488 251 1622 292 inten-

64 313 150 354 tius
182 314 409 369 agentibus
441 320 542 368 post
573 314 791 354 incensam
823 312 975 354 urbem
1008 316 1050 353 et
1075 326 1150 365 per
1176 326 1220 352 se
1245 311 1453 352 inclinata
1480 311 1621 366 magis

62 371 186 426 plebe
219 372 272 413 ad
304 372 346 414 id
379 373 622 426 consilium3
667 386 800 427 eaque
833 386 961 413 causa
994 370 1077 412 fuit
1108 385 1194 411 non
1227 369 1490 412 abdicandae
1522 372 1621 423 post
1648 380 1668 411 9

63 430 329 485 triumphum
363 431 613 485 dictaturae,
646 435 794 472 senatu
829 431 1094 483 obsecrante,
1125 444 1178 470 ne
1210 444 1300 470 rem
1334 429 1550 484 publicam
1577 429 1618 470 in

63 490 227 532 incerto
258 490 520 545 relinqueret
553 493 681 532 statu.

182 549 383 592 Omnium
409 551 608 605 primum,
634 553 682 591 ut
707 552 800 590 erat
819 548 1173 603 diligentissimus
1195 548 1450 602 religionum
1470 548 1620 602 cultor,
1635 548 1692 590 50

64 623 170 663 quae
202 608 256 650 ad
287 609 389 651 deos
416 610 680 651 immortales
707 608 997 663 pertinebant,
1029 607 1216 662 rettulit,
1250 611 1292 648 et
1319 611 1492 648 senatus
1519 621 1617 648 con·
1645 617 1665 648 2

63 668 223 709 sultum
255 668 380 710 facit:
417 668 522 710 fana
555 669 717 719 omnia,
757 667 896 722 quoad
929 682 979 708 ea
1010 667 1148 708 hostis
1182 666 1461 720 possedisset,
1499 667 1621 707 resti-

61 728 286 769 tuerentur
311 727 683 783 expiarenturque,
710 727 983 781 expiatioque
1004 740 1149 767 eorum
1170 726 1215 766 in
1235 725 1356 766 libris
1379 741 1453 779 per
1474 725 1620 767 duum-

62 787 178 828 viros
222 792 515 842 quaereretur3
567 802 662 829 curn
707 785 950 829 Caeritibus
993 785 1230 840 hospitium
1277 785 1446 839 publice
1491 785 1623 840 fieret,
1649 796 1669 826 3

65 846 176 900 quod
210 861 333 888 sacra
364 848 513 902 populi
538 846 726 888 Romani
753 861 801 888 ac
829 845 1070 887 sacerdotes
1098 845 1372 898 recepissent,
1397 844 1622 886 beneficio—

62 919 142 960 que
187 906 279 947 eius
323 905 470 960 populi
515 921 603 948 non
647 906 916 947 intermissus
959 904 1098 946 honos
1145 903 1268 944 deum
1311 904 1621 945 immortalium

63 967 196 1019 esset3
227 964 317 1006 ludi
350 964 584 1019 Capitolini
615 965 776 1018 fierent,
810 964 923 1019 quod
954 963 1149 1018 Iuppiter
1181 962 1380 1017 Optimus
1406 963 1621 1005 Maximus
1648 973 1669 1004 4

63 1038 184 1065 suam
217 1025 358 1066 sedem
392 1029 520 1079 atque
554 1039 694 1066 arcem
726 1023 876 1079 populi
902 1023 1086 1065 Romani
1119 1023 1163 1063 in
1190 1037 1235 1064 re
1260 1022 1429 1077 trepida
1455 1025 1621 1064 tutatus

62 1089 187 1136 esset,
214 1084 527 1139 collegiumque
555 1084 606 1125 ad
634 1099 728 1125 eam
754 1098 845 1124 rem
870 1082 925 1124 M.
946 1082 1101 1124 Furius
1129 1081 1314 1123 dictator
1341 1082 1623 1124 constitueret

63 1156 114 1183 ex
159 1142 237 1197 eis,
288 1144 360 1197 qui
403 1145 448 1184 in
488 1142 701 1198 Capitolio
747 1146 875 1198 atque
921 1156 1016 1183 arce
1060 1141 1319 1182 habitarent.

1389 1141 1622 1196 expiandae
1649 1151 1670 1182 5

66 1202 194 1243 etiam
227 1203 343 1243 vocis
375 1206 629 1256 nocturnae,
672 1216 779 1257 quae
811 1201 963 1242 nuntia
995 1200 1128 1242 cladis
1162 1202 1261 1241 ante
1293 1200 1454 1241 bellum
1489 1200 1623 1242 Galli-

63 1274 158 1302 cum
197 1261 341 1302 audita
378 1262 657 1317 neglectaque
690 1263 820 1315 esset,
859 1260 1021 1302 mentio
1055 1259 1203 1314 inlata,
1240 1259 1488 1314 iussumque
1520 1263 1624 1301 tem-

61 1319 181 1374 plum
224 1321 268 1361 in
311 1319 438 1362 Nova
480 1321 550 1362 via
594 1320 676 1363 Aio
717 1319 894 1362 Locutio
940 1319 1044 1361 fieri.

61 1470 240 1507 Camillus
280 1472 484 1518 eigentlich
521 1475 597 1507 erst
627 1473 804 1515 nachher,

58 1519 183 1555 indem
215 1531 254 1554 er
287 1520 352 1556 der
375 1521 683 1565 Auswanderung
707 1521 805 1555 nach

59 1565 144 1612 Veji
176 1569 440 1613 entgegentrat
470 1579 505 1602 u.
539 1569 610 1604 den
636 1567 803 1603 Wieder·

59 1614 198 1650 aufbau
224 1616 336 1650 Rome
362 1615 519 1650 be†rieb.

107 1665 139 1697 8.
167 1662 264 1709 cum]
290 1663 374 1698 dem
395 1662 624 1708 Hauptsatze
650 1663 804 1708 folgend

59 1721 93 1745 u.
126 1709 209 1745 eine
241 1710 451 1756 Erklarung
482 1710 702 1755 einleitend,
736 1711 805 1746 mit

58 1756 155 1793 Pers.
181 1757 272 1801 Ind.,
302 1757 490 1793 ‘dadurch
515 1758 607 1802 dass,
634 1758 803 1793 indem’:

57 1804 151 1849 Kap.
185 1808 241 1849 52,
268 1809 306 1849 33
340 1810 371 1849 6,
399 1809 431 1850 8,
459 1810 497 1849 63
531 1810 562 1850 9,
589 1810 647 1850 34,
674 1810 713 1850 93
749 1810 803 1851 10,

105 1900 278 1947 miyrari]
306 1918 348 1930 =
375 1912 419 1936 ne
444 1902 673 1946 nziyraretur.
716 1900 801 1946 Vgl.

105 1975 298 2042 intentius]
337 1995 392 2031 als
430 2008 498 2032 vor
533 1996 619 2031 ffinf
645 1995 803 2039 Jahren;

57 2040 151 2087 Kap.
178 2046 234 2086 24,
257 2047 287 2079 7.

107 2094 138 2125 9.
165 2089 256 2137 fuit]
283 2091 394 2127 n'aml.
424 2090 587 2127 Camillo.

105 2138 228 2185 50,1.
269 2143 338 2173 ut.
402 2167 410 2174 .
436 2139 568 2185 cultor]
603 2139 677 2174 Das
711 2139 802 2174 Ver-

59 2162 189 2220 fahren
204 2185 270 2220 des
282 2184 459 2221 Camillus
475 2186 568 2221 wird
583 2197 648 2221 aus
664 2187 803 2222 seinem

59 2230 265 2268 Charakter
290 2233 440 2269 erkl'art.
475 2235 532 2279 Vg
535 2235 556 2268 l.
577 2233 670 2280 Kap.
692 2238 749 2277 41,
770 2238 801 2269 9.

105 2280 262 2327 rettulit]
287 2281 400 2315 n'aml.
428 2283 476 2316 ad
500 2286 676 2317 senatum.

108 2330 140 2362 2.
167 2328 276 2375 facit]
305 2328 496 2374 ‘erwirkt,
532 2332 627 2365 setzt
652 2329 801 2364 durch’.

61 2377 95 2418 4,
118 2379 174 2417 11,
194 2380 226 2411 3.

106 2423 148 2457 in
184 2423 304 2470 libris]
345 2424 423 2459 8611.
463 2424 667 2470 Sibyllinis.
720 2424 803 2469 V.g1

61 2466 154 2514 Kap.
184 2474 239 2514 13,
261 2475 291 2506 5.

10 2531 16 2537 ·
109 2520 141 2551 3.
177 2499 338 2565 pu’blice]
382 2529 452 2553 von
492 2519 618 2554 Staats
661 2528 804 2562 wegen,

61 2529 203 2599 durchp
192 2565 263 2601 den
279 2566 393 2600 Senat
407 2565 512 2611 (Kap.
529 2570 585 2607 28
601 2569 647 2609 5).
681 2565 804 2600 Durch

62 2609 181 2648 dieses
190 2612 404 2648 offentliche
414 2595 613 2649 Gastrecht
621 2605 801 2648 erhielten

62 2657 134 2693 alle
173 2659 314 2706 Burger
352 2661 417 2696 der
454 2661 655 2697 Gemeinde
690 2659 802 2695 Caere

61 2703 248 2742 dieselben
262 2707 413 2751 Rechte,
433 2709 503 2744 wie
519 2710 624 2744 sonst
637 2707 802 2743 einzelne

62 2762 146 2788 vom
161 2754 288 2790 Staate
303 2756 530 2791 anerkannte
542 2755 801 2792 Gastfreunde.

107 2803 335 2848 recepissent]
376 2803 459 2848 Vgl.
486 2803 581 2849 Kap.
607 2807 664 2847 40,
687 2807 741 2837 10.

109 2852 141 2883 4.
169 2849 248 2885 ludi
268 2849 486 2898 Capitolini]
507 2851 556 2886 Es
576 2861 702 2886 waren
721 2851 802 2886 ludi

1111 1333 1279 1373 aurum,
1325 1319 1438 1374 quod
1484 1318 1619 1361 Gallis
1645 1330 1665 1361 6

877 1473 1072 1515 sollemnes,
1099 1471 1132 1506 d.
1155 1471 1191 1506 h.
1219 1470 1272 1506 sie
1299 1471 1448 1506 wurden
1469 1471 1623 1517 alljahr—

878 1520 953 1554 lieh
991 1518 1153 1565 gefeiert
1190 1519 1488 1563 (Kap.52,11);
1527 1519 1624 1554 doch

878 1566 1026 1603 werden
1057 1567 1108 1602 sie
1142 1569 1267 1611 spater
1299 1567 1405 1600 nicht
1437 1566 1542 1601 mehr
1568 1577 1623 1600 er-

878 1614 1015 1651 w'ahnt.
1055 1615 1086 1647 V
1090 1613 1258 1648 ielleicht
1283 1614 1419 1648 fanden
1446 1614 1498 1648 sie
1526 1615 1625 1649 w'ah-

876 1661 969 1697 rend
1008 1661 1073 1696 des
1106 1660 1314 1696 Latinerfes
1316 1663 1371 1696 tes
1409 1663 1502 1697 statt
1534 1662 1623 1707 (vgl.

877 1710 969 1754 Kap.
999 1714 1054 1753 17,
1075 1713 1121 1751 2).

924 1756 1128 1802 colleyium]
1154 1756 1203 1790 Es
1229 1756 1321 1791 wird
1348 1755 1430 1791 eine
1449 1756 1624 1802 religiose

878 1804 1195 1840 Genossenschaft
1209 1803 1468 1849 eingeriohtet,
1484 1804 1624 1839 welche

877 1851 1044 1887 dauernd
1088 1851 1147 1886 die
1186 1850 1406 1896 Besorgung
1449 1851 1515 1886 dcr
1552 1863 1624 1887 neu

877 1899 1135 1944 eingefi'ihrten
1160 1898 1492 1944 Kultushandlung
1517 1902 1623 1934 fiber·

876 1946 1020 1982 nimmt.
1050 1946 1178 1981 Cicero
1201 1947 1370 1981 erwahnt
1383 1947 1435 1982 sie
1450 1947 1487 1981 in
1504 1947 1625 1982 einem

879 1994 1002 2029 Briefe
1030 1993 1092 2038 (ad
1121 1994 1160 2036 Q,
1188 1994 1230 2029 fr.
1252 1998 1285 2037 2,
1306 1998 1339 2036 ὃ,
1362 1996 1408 2038 2).

924 2043 987 2087 qui
1013 2070 1020 2077 .
1048 2070 1055 2077 .
1085 2069 1092 2077 .
1119 2042 1344 2088 habitarent]
1376 2041 1489 2077 Sechs
1510 2042 1624 2077 Jabre

878 2092 1002 2135 spater
1017 2091 1100 2134 (384
1115 2102 1148 2124 v.
1165 2089 1260 2133 Chr.,
1280 2089 1374 2124 nach
1398 2089 1482 2124 dem
1497 2089 1625 2124 Sturze

878 2138 942 2172 des
969 2137 1017 2171 M.
1044 2136 1222 2181 Manlius)
1249 2137 1376 2172 wurde
1402 2136 1464 2172 ein
1489 2137 1623 2172 Volks-

875 2183 1066 2220 beschlufs
1093 2184 1241 2230 gefasst,
1268 2196 1312 2220 ne
1337 2186 1418 2230 quis
1439 2186 1625 2230 patricius

876 2234 918 2267 in
949 2243 1029 2268 aree
1061 2236 1126 2267 aut
1154 2232 1335 2276 Capitolio
1367 2233 1547 2268 habitaret
1576 2234 1625 2277 (6,

877 2284 934 2324 20,
963 2282 1032 2325 13).
1085 2279 1141 2314 Ob
1170 2279 1249 2314 dies
1275 2292 1338 2314 zur
1363 2279 1477 2325 Folge
1503 2280 1622 2323 hatte,

877 2327 958 2362 dass
979 2328 1045 2362 das
1066 2326 1280 2372 Kollegium
1301 2327 1366 2362 der
1385 2327 1621 2373 Kapitoliner

876 2386 952 2409 nun
991 2374 1089 2410 bloss
1127 2385 1192 2409 aus
1224 2374 1420 2420 Plebejern
1453 2375 1621 2417 bestand,

877 2422 966 2457 oder
989 2423 1036 2458 ob
1057 2433 1142 2456 man
1163 2434 1201 2457 es
1222 2423 1354 2457 anders
1375 2422 1623 2467 cingerichtet

879 2470 995 2513 habe,
1021 2470 1071 2504 ist
1097 2469 1289 2513 ungewiss.

927 2522 958 2552 5.
985 2516 1172 2562 templum]
1198 2518 1293 2551 nach
1321 2518 1414 2562 Kap.
1436 2521 1492 2559 32,
1514 2521 1534 2552 6
1561 2516 1622 2551 6111

878 2565 1059 2600 sacellum.
1110 2564 1197 2598 Man
1236 2564 1416 2599 erkannte
1452 2565 1547 2610 jetzt
1583 2564 1622 2598 in

877 2613 961 2647 dem
980 2611 1073 2646 Rufe
1101 2611 1159 2646 die
1182 2611 1336 2646 stimme
1357 2612 1458 2646 eines
1479 2610 1623 2654 Gottes,

876 2659 1037 2694 welcher
1045 2670 1174 2703 wegen
1183 2659 1248 2693 der
1258 2659 1623 2703 Vernachl‘z'issigung

877 2706 997 2741 seiner
1029 2707 1221 2751 Warnung
1257 2707 1436 2742 versohnt
1473 2706 1622 2742 werden

875 2764 1010 2791 11111886.

924 2807 954 2837 6.
977 2802 1072 2847 quod
1090 2801 1209 2836 Gallis
1223 2805 1380 2847 ereptum
1394 2801 1488 2848 erat]
1508 2802 1622 2838 nami.

875 2850 942 2886 das
986 2851 1100 2886 ihnen
1137 2849 1388 2895 abgewogene
1426 2849 1621 2896 Lbsegeld,
