1794 3084
99 620 155 661 23

167 102 226 143 44
686 101 829 136 LIBER
855 102 899 137 V.
943 100 1046 137 CAP.
1073 105 1129 136 22.
1156 105 1212 136 23.

1525 117 1550 136 a.
1572 119 1599 136 u.
1621 117 1645 136 c.
1664 111 1727 140 358.

171 211 265 252 dem
305 225 444 263 suam,
483 225 564 265 quo
598 212 699 250 vota
731 208 910 249 Romani
945 208 1166 249 dictatoris
1199 210 1468 262 vocaverant,
1501 209 1726 263 perlatam,

170 270 242 310 ubi
276 269 486 323 templum
519 269 557 309 ei
589 270 740 321 postea
771 267 902 317 idem,
934 267 1006 321 qui
1039 268 1232 322 voverat,
1264 265 1469 309 Camillus
1503 267 1727 309 dedicavit.

289 327 371 369 Hic
404 326 608 368 Veiorum
650 339 824 368 occasus
863 325 961 379 fuit,
1006 325 1123 366 urbis
1164 325 1520 379 opulentissimae
1551 325 1724 367 Etrusci

168 386 368 439 nominis,
401 384 741 439 magnitudinem
774 398 894 425 suam
920 383 988 425 vel
1014 384 1168 425 ultima
1194 384 1312 425 clade
1337 383 1582 438 indicantis,
1614 384 1727 439 quod

169 445 313 485 decem
361 447 547 484 aestates
592 443 839 497 hiemesque
885 442 1111 484 continuas
1151 442 1453 498 circumsessa,
1497 457 1593 485 cum
1632 443 1728 497 plus

171 504 393 557 aliquanto
437 502 621 543 cladium
664 502 884 542 intulisset
922 516 1048 556 quam
1089 501 1343 555 accepisset,
1387 504 1604 555 postremo
1642 501 1728 543 iam

170 561 260 603 fato
301 575 468 614 quoque
508 563 689 615 urgente
731 560 929 613 operibus
968 562 1132 612 tamen,
1169 574 1256 601 non
1297 560 1340 601 vi
1377 562 1622 615 expugnata
1653 564 1728 601 est.

290 619 473 660 Romam
515 621 563 660 ut
607 619 852 660 nuntiatum
896 621 962 659 est
998 617 1129 660 Veios
1173 621 1341 672 captos,
1386 632 1645 673 quamquam
1688 621 1731 659 et

171 677 370 733 prodigia
414 681 646 732 procurata
689 677 861 718 fuerant
905 680 947 718 et
989 679 1136 718 vatum
1182 691 1394 731 responsa
1438 679 1480 718 et
1523 676 1730 731 Pythicae

173 739 310 778 sortes
343 739 491 788 notae,
524 739 577 790 et,
610 739 819 790 quantum
851 736 1050 777 humanis
1084 735 1276 777 adiuvari
1308 735 1498 777 consiliis
1530 738 1732 790 potuerat

173 809 260 849 res,
303 795 450 836 ducem
483 794 540 836 M.
573 794 748 836 Furium
781 795 1018 836 maximum
1050 794 1360 848 imperatorum
1393 795 1586 835 omnium
1618 795 1729 849 lege-

127 863 147 895 2
174 857 287 907 rant,
318 857 476 907 tamen,
509 855 610 908 quia
641 856 708 895 tot
740 854 862 894 annis
896 853 1010 894 varie
1042 853 1102 893 ibi
1134 853 1340 894 bellatum
1367 855 1461 894 erat
1486 853 1731 907 multaeque

175 913 318 954 clades
357 915 575 966 acceptae,
614 913 730 953 velut
769 927 820 953 ex
852 912 1071 965 insperato
1104 911 1361 952 immensum
1395 911 1599 967 gaudium
1631 912 1731 965 fuit,

127 982 147 1012 3
175 973 218 1012 et
248 972 500 1026 priusquam
534 974 709 1012 senatus
743 971 1006 1023 decerneret,
1047 969 1174 1023 plena
1206 970 1351 1012 omnia
1382 970 1544 1024 templa
1576 969 1732 1012 Roma-

173 1044 326 1071 narum
359 1034 548 1071 matrum
583 1032 728 1084 grates
763 1029 828 1070 dis
862 1029 1080 1084 agentium
1107 1031 1238 1070 erant.
1291 1031 1464 1070 senatus
1491 1029 1538 1070 in
1564 1029 1731 1083 quadri-

174 1089 322 1142 duum,
363 1091 468 1143 quot
506 1088 669 1129 dierum
707 1088 824 1130 nullo
858 1091 956 1129 ante
988 1087 1121 1140 bello,
1163 1087 1498 1141 supplicationes
1530 1087 1732 1140 decernit.

127 1157 149 1188 4
177 1148 383 1188 adventus
424 1161 591 1201 quoque
630 1147 855 1189 dictatoris
894 1146 1093 1188 omnibus
1126 1146 1347 1188 ordinibus
1381 1146 1552 1188 obviam
1585 1146 1732 1188 effusis

176 1206 431 1247 celebratior
446 1221 574 1261 quam
594 1206 723 1247 ullius
743 1220 947 1260 umquam
966 1207 1092 1246 antea
1106 1204 1199 1259 fuit,
1219 1205 1547 1260 triumphusque
1563 1219 1732 1247 omnem

174 1268 426 1306 consuetum
467 1265 711 1306 honorandi
751 1264 833 1305 diei
873 1264 988 1305 illius
1027 1264 1201 1305 modum
1234 1264 1504 1318 aliquantum
1536 1264 1732 1305 excessit.

127 1333 147 1365 5
175 1324 360 1365 maxime
401 1326 657 1377 conspectus
697 1323 789 1377 ipse
829 1326 894 1364 est
930 1337 1058 1364 curru
1097 1323 1215 1377 equis
1256 1323 1366 1364 albis
1404 1323 1549 1364 iuncto
1583 1323 1731 1364 urbem

220 1477 250 1508 7.
273 1474 410 1519 postea]
433 1472 512 1508 vier
531 1474 642 1508 Jahre
664 1476 788 1518 spater
809 1473 914 1518 (Kap.

170 1524 226 1564 31,
255 1523 300 1564 3).

219 1571 251 1602 8.
272 1567 477 1613 aliquanto]
500 1567 583 1602 dem
599 1567 843 1612 Komparativ
856 1580 915 1602 zu-

171 1614 303 1649 weilen
331 1613 583 1658 nachgestellt
609 1614 715 1660 (Kap.
737 1618 795 1658 29,
816 1618 853 1657 53
882 1618 913 1657 3,

173 1665 228 1704 19,
249 1666 267 1696 6
295 1673 327 1695 u.
357 1665 412 1703 50,
435 1662 481 1704 3).

217 1709 312 1754 fato]
340 1708 423 1753 Vgl.
451 1708 543 1753 Kap.
568 1711 621 1751 15,
645 1712 699 1743 11.

219 1756 370 1801 quoque]
388 1756 501 1790 niiml.
517 1755 640 1790 ausser
654 1755 726 1789 den
741 1755 916 1789 Feinden.

217 1803 353 1848 tamen]
392 1803 598 1847 zugesetzt,
630 1801 716 1837 weil
743 1802 807 1837 der
832 1801 915 1836 Abl.

171 1849 286 1884 absol.
314 1849 421 1884 einen
447 1849 691 1885 koncessiven
713 1848 917 1884 Gedanken

171 1896 326 1931 cnth'alt.

219 1942 282 1980 23.
312 1947 342 1977 1.
364 1943 557 1988 prodiyia]
585 1942 669 1987 Vgl.
696 1942 791 1987 Kap.
820 1946 874 1986 15,
897 1947 914 1977 1

175 2001 204 2024 u.
236 1993 291 2033 17,
315 1993 344 2025 1.

221 2036 361 2081 vatum]
389 2036 472 2080 Vgl.
499 2036 591 2080 Kap.
620 2040 676 2077 21,
698 2040 729 2071 5.

218 2082 405 2128 responsa]
442 2083 622 2117 stehende
654 2082 914 2127 Bezeichnung

172 2129 230 2163 fiir
255 2128 315 2163 die
337 2129 571 2173 Aussprfiche
592 2130 657 2164 der
677 2130 913 2173 Wahrsager,

171 2175 256 2211 weil
283 2177 334 2211 sie
361 2176 538 2210 meistens
560 2176 626 2210 auf
646 2177 726 2210 eine
748 2176 913 2222 Anfrage

172 2222 355 2258 erwidern
382 2223 486 2267 (Kap.
517 2226 569 2266 15,
592 2227 611 2257 9
638 2236 671 2257 u.
700 2226 755 2265 54,
779 2227 824 2265 7).

218 2273 395 2313 quantum
404 2270 489 2314 etc]
506 2269 651 2304 Darauf
655 2269 763 2305 sollte
773 2270 913 2314 eigent-

170 2316 245 2350 lieh
273 2317 416 2361 folgen:
443 2320 586 2351 tantum
606 2318 824 2352 adiuverunt
845 2344 851 2350 .
875 2345 882 2351 .
905 2346 911 2353 .

172 2364 327 2408 leyendo.

219 2414 250 2445 2.
290 2421 333 2445 ex
370 2411 572 2455 insperato]
620 2409 914 2455 Umschreibung

171 2457 236 2491 des
251 2457 301 2491 im
317 2459 429 2502 guten
447 2457 576 2492 Latein
592 2458 697 2492 nicht
709 2457 913 2502 gebi-'auch-

170 2504 295 2538 lichen
330 2504 576 2539 Adverbiums
613 2517 657 2538 zu
693 2505 913 2548 insperatus,

171 2551 327 2585 ffinfmal
349 2551 407 2585 bei
427 2550 552 2586 Livius
568 2553 613 2594 (1,
629 2555 685 2594 25,
701 2556 738 2594 93
760 2554 794 2594 2,
808 2555 863 2595 35,
882 2556 911 2586 1.

172 2601 230 2641 30,
254 2602 307 2642 10,
330 2602 391 2639 203
419 2602 475 2642 44,
497 2602 528 2641 5,
552 2601 620 2641 10).

220 2648 251 2679 3.
261 2645 512 2679 Romanarum
520 2645 692 2690 matrum]
704 2645 914 2690 poetiseher

171 2691 377 2735 Ausdruck,
400 2708 443 2720 =
463 2695 714 2727 matronarum
735 2693 841 2737 (Kap.
859 2696 914 2736 18,

175 2742 234 2780 11;
262 2742 317 2780 25,
339 2742 375 2780 8;
403 2742 459 2781 50,
482 2741 528 2781 7).

218 2786 352 2830 aratos]
393 2786 453 2820 bei
491 2785 617 2820 Livius
656 2785 914 2830 Bezeichnung

173 2830 237 2865 des
283 2831 472 2866 offentlich
515 2833 590 2867 und
635 2832 803 2867 feierlich
843 2833 914 2867 den

990 1472 1147 1507 Gottern
1161 1472 1457 1517 dargebrachten
1467 1472 1634 1508 Dankes:
1648 1484 1731 1519 yra-

987 1523 1038 1554 tes
1075 1531 1178 1564 ayere
1215 1523 1271 1563 23,
1300 1523 1354 1565 11,
1388 1523 1430 1554 12
1465 1532 1499 1555 u.
1528 1524 1583 1564 12,
1611 1525 1648 1564 73
1675 1525 1731 1564 27,

989 1571 1045 1609 51,
1074 1571 1111 1609 7;
1145 1571 1200 1609 30,
1229 1571 1284 1610 17,
1311 1571 1343 1602 6.
1389 1568 1514 1603 laudes
1545 1571 1733 1613 gratesque

988 1625 1091 1658 ayere
1118 1618 1148 1657 7,
1170 1618 1226 1657 36,
1249 1618 1267 1648 7
1294 1614 1367 1648 und
1395 1618 1452 1658 27,
1475 1618 1530 1658 13,
1551 1618 1582 1651 2.
1627 1614 1732 1649 Doch

987 1661 1104 1695 findet
1139 1662 1217 1695 sich
1250 1666 1282 1705 6,
1304 1665 1336 1705 6,
1357 1665 1376 1696 6
1410 1661 1506 1696 auch
1540 1663 1598 1697 dis
1630 1673 1733 1707 agere

986 1709 1137 1752 gyratias.

1037 1759 1121 1799 quot
1147 1754 1303 1799 dierum]
1343 1753 1391 1789 So
1430 1754 1526 1790 mufs
1563 1766 1601 1790 es
1634 1755 1731 1790 nach

989 1801 1248 1836 lateinischem
1285 1801 1617 1847 Sprachgebrauch
1654 1802 1731 1837 hei-

989 1848 1086 1892 ssen,
1131 1849 1307 1883 wahrend
1345 1849 1413 1883 wir
1451 1848 1636 1884 Deutsche
1675 1860 1731 1883 et-

989 1899 1148 1930 warten:
1175 1899 1226 1931 tot
1251 1897 1408 1939 dierum,
1434 1901 1529 1941 quot.

1037 1958 1068 1988 4.
1095 1955 1247 2000 quoque]
1277 1953 1344 1988 wie
1371 1954 1436 1989 das
1461 1954 1646 1989 Dankfest
1669 1953 1734 1989 auf

989 2001 1344 2035 ausserordentliche
1377 2000 1503 2036 Weise
1535 2001 1731 2046 begangen

987 2048 1135 2082 worden
1163 2059 1250 2082 war.

1032 2095 1161 2140 ullius]
1196 2094 1507 2137 substantivisch,
1541 2111 1585 2123 =
1612 2096 1731 2130 euius-

986 2153 1113 2185 quam;
1140 2141 1276 2176 ebenso
1302 2145 1333 2184 9,
1356 2145 1390 2184 2,
1413 2145 1456 2176 10
1482 2154 1516 2176 u.
1543 2145 1600 2185 21,
1621 2145 1653 2185 5,
1677 2146 1729 2177 12.

1033 2200 1279 2245 aliquantum]
1308 2200 1391 2243 Vgl.
1419 2200 1511 2245 Kap.
1540 2204 1596 2243 10,
1621 2204 1652 2236 5.

1033 2258 1196 2303 excessit]
1212 2257 1313 2292 Statt
1332 2259 1396 2293 des
1409 2258 1641 2294 klassischen
1655 2270 1726 2294 mo-

987 2305 1072 2339 dum
1091 2315 1271 2348 superare,
1298 2309 1402 2340 extra
1420 2307 1564 2341 modum
1577 2307 1730 2351 prodire

986 2351 1101 2385 findet
1128 2352 1206 2385 sich
1232 2353 1376 2386 modum
1402 2354 1565 2388 excedere
1588 2353 1730 2388 sieben-

986 2398 1061 2432 mal
1095 2398 1157 2432 bei
1190 2397 1311 2432 Livius
1347 2399 1423 2433 und.
1456 2399 1636 2434 zuweilen
1669 2400 1730 2435 bei

988 2447 1159 2489 spateren
1184 2444 1359 2480 Antoren.

1034 2508 1065 2539 5.
1093 2504 1270 2547 conspici,
1295 2504 1333 2538 in
1359 2504 1418 2539 die
1437 2503 1569 2549 Augen
1593 2504 1727 2539 fallen:

988 2554 1022 2593 1,
1043 2554 1100 2592 47,
1121 2553 1158 2591 5³
1187 2553 1242 2595 21,
1263 2554 1295 2594 4,
1317 2554 1349 2585 8.

1035 2596 1148 2642 equis]
1186 2596 1264 2632 scil.
1304 2600 1486 2642 quattuor.
1524 2597 1632 2633 Diod.
1673 2603 1727 2645 14,

988 2647 1055 2724 (1317
1095 2641 1157 2678 ἐπὶ,
1194 2645 1330 2679 λευκοῦ
1365 2646 1588 2689 τεθρίππου.
1627 2644 1726 2684 Plut,

1018 2702 1087 2725 am.
1118 2695 1148 2725 7.

1032 2737 1172 2782 iuncto]
1208 2737 1450 2782 ‘bespannt'.
1490 2737 1563 2773 Cic.
1590 2739 1668 2773 Att.
1695 2740 1726 2773 6’

989 2788 1018 2827 1,
1046 2788 1090 2818 25
1122 2785 1236 2819 raeda
1260 2785 1360 2829 equis
1385 2785 1522 2820 iuncta.
1563 2783 1642 2820 Liv.
1669 2788 1726 2822 34,

989 2835 1021 2875 1,
1043 2834 1080 2874 33
1113 2834 1169 2874 42,
1191 2834 1245 2874 65,
1268 2836 1299 2866 3.
