1794 3084
109 146 134 165 a.
154 138 208 166 Ch.
228 147 257 165 n.
277 139 337 165 325.

589 129 736 165 LIBER
762 130 858 166 VIII.
904 131 1006 167 CAP.
1027 134 1083 168 31.
1111 134 1166 167 32.
1623 131 1678 173 69

110 239 220 281 bene
247 241 382 294 gesta,
413 238 474 280 ita
495 241 543 280 ut
568 253 656 280 non
688 239 741 281 ab
774 240 853 282 illo
885 240 1012 281 unico
1045 239 1150 281 duce
1178 240 1330 281 melius
1359 240 1452 296 geri
1478 240 1681 295 potuerit,

111 297 372 354 supplicium
404 298 614 353 magistro
648 298 841 354 equitum
875 299 1092 341 minetur?
1137 313 1275 354 neque
1314 299 1435 340 illum
1468 299 1679 355 magistro
1708 310 1728 340 6

111 358 306 412 equitum
338 356 609 398 infestiorem
651 372 780 412 quam
819 358 1009 400 tribunis
1048 357 1253 412 militum,
1299 373 1427 413 quam
1467 358 1681 400 centurio-

108 416 251 470 nibus,
283 431 413 471 quam
445 416 660 458 militibus
700 431 812 470 esse,
857 417 894 458 si
933 420 1099 471 posset,
1143 418 1188 458 in
1230 432 1377 459 omnes
1419 418 1682 459 saeviturum

109 475 255 518 fuisse.
293 475 394 530 quia
419 475 463 517 id
489 478 689 530 nequeat,
722 476 768 517 in
794 491 928 518 unum
955 476 1136 530 saevi1‘3e
1166 476 1295 518 etiam
1321 476 1542 530 invidiam,
1574 479 1683 517 tam·
1711 486 1730 517 7

114 549 244 590 quam
276 534 440 590 ignem,
480 549 648 576 summa
679 540 849 589 petere3
885 536 931 576 in
969 538 1099 601 caput
1131 536 1322 589 consilii,
1359 536 1404 578 in
1437 536 1587 578 ducem
1619 535 1683 576 in-

111 608 294 636 currere.
351 594 388 635 si
427 608 471 635 se
511 594 639 635 simul
672 608 769 635 cum
802 569 945 648 gloria
976 595 1038 635 rei
1071 597 1218 650 gestae
1252 595 1548 650 exstinxisset,
1579 598 1684 636 tunc

110 653 318 695 victorem
350 653 471 694 velut
501 653 545 694 in
572 655 698 707 capto
729 653 919 694 exercitu
945 653 1254 708 dominantem,
1288 654 1492 708 quidquid
1517 629 1686 695 licuerit

110 713 156 754 in
188 713 398 768 magistro
432 712 636 767 equitum,
668 712 714 753 in
745 712 958 754 militibus
1000 727 1214 754 ausurum.
1271 714 1450 767 proinde
1484 713 1686 754 adessent
1711 721 1732 752 8

110 772 156 813 in
182 786 260 813 sua
286 786 415 813 causa
442 772 635 813 omnium
661 771 866 814 libertati.
918 771 955 812 si
981 786 1239 813 consensum
1259 773 1469 813 exercitus
1491 772 1685 826 eundem,

114 831 188 886 qui
214 831 260 872 in
286 830 451 885 proelio
478 830 620 885 fuerit,
653 831 698 872 in
723 831 886 872 tuenda
914 830 1095 873 victoria
1120 831 1265 872 videat
1285 833 1327 872 et
1348 832 1533 873 salutem
1559 831 1685 872 unius

111 889 312 932 omnibus
346 904 472 931 curae
505 904 610 944 esse,
641 889 949 932 inclinaturum
982 890 1035 931 ad
1068 891 1391 932 clementiorem
1425 890 1687 932 sententiam

113 949 319 991 animum.
369 951 591 1004 postremo
633 963 677 990 se
716 949 853 990 vitam
898 948 1183 1004 fortunasque
1227 964 1326 991 suas
1373 950 1548 991 illorum
1587 949 1686 990 fidei
1711 959 1732 990 9

111 1008 351 1062 virtutique
383 1009 647 1062 permittere.

233 1065 409 1108 Clamor
435 1082 457 1108 e
483 1070 578 1109 tota
605 1067 805 1109 contione
827 1068 960 1120 ortus,
987 1067 1052 1108 uti
1077 1067 1242 1108 bonum
1270 1067 1461 1109 animum
1488 1064 1754 1109 habe1·et:32

112 1126 330 1168 neminem
362 1126 427 1167 illi
459 1127 547 1168 vim
580 1126 826 1168 adlaturum
859 1126 990 1168 salvis
1022 1126 1266 1181 legionibus
1299 1126 1519 1169 Romanis.

233 1185 362 1227 Haud
402 1185 540 1228 multo
579 1187 682 1241 post
721 1185 907 1227 dictator
945 1185 1119 1227 advenit
1163 1186 1428 1240 classicoque
1469 1186 1686 1240 extemplo

117 1244 171 1286 ad
197 1245 444 1286 contionem
473 1244 710 1286 advocavit.
762 1247 855 1286 tum
890 1244 1063 1286 silentio
1096 1244 1213 1286 facto
1245 1259 1401 1299 praeco
1429 1245 1477 1294 Q.
1504 1244 1687 1286 Fabium
1713 1254 1734 1285 2

115 1304 375 1359 magistrum
415 1304 608 1359 equitum
648 1304 812 1345 citavit.

876 1303 949 1358 qui
988 1304 1117 1345 simul
1157 1318 1207 1345 ex
1252 1304 1455 1346 inferiore
1496 1305 1591 1346 loco
1635 1304 1688 1345 ad

111 1363 305 1404 tribunal
338 1363 531 1417 accessit,
563 1366 656 1405 tum
689 1363 877 1404 dictator
904 1362 1103 1412 ‘Quaero’
1135 1363 1280 1417 inquit
1313 1363 1380 1405 ede
1406 1366 1461 1417 te,
1494 1362 1541 1412 Q.
1568 1363 1689 1417 Fabi,
1715 1373 1735 1403 3

117 1435 212 1464 cum
247 1436 464 1464 summum
495 1422 725 1477 imperium
759 1422 985 1464 dictatoris
1018 1422 1075 1464 sit
1106 1425 1373 1477 pareantque
1407 1423 1445 1464 ei
1477 1423 1688 1476 consules,

112 1481 236 1536 regia
278 1483 498 1536 potestas,
549 1484 773 1535 praetores
818 1481 957 1522 isdem
1003 1481 1228 1536 auspiciis,
1279 1481 1434 1535 quibus
1480 1482 1690 1535 consules,

113 1540 267 1591 creati,
313 1555 497 1595 aequum
538 1555 714 1582 censeas
754 1554 888 1583 necne
928 1540 1187 1595 magistrum
1228 1541 1423 1595 equitum
1465 1540 1578 1582 (licto
1619 1555 1691 1582 au-

162 1679 289 1725 um'co]
317 1680 520 1725 spottisch:
548 1679 696 1725 ‘einzig‚
724 1679 862 1714 ausser-

114 1725 336 1769 ordentlich‚
362 1726 610 1771 vorztiglich’‚
639 1728 687 1761 da
707 1738 746 1761 er
759 1726 864 1762 nicht

113 1773 410 1818 seinesgleichen
442 1775 538 1809 habe
571 1773 684 1819 (Kap.
707 1777 770 1818 32,
793 1776 863 1819 15),

160 1827 334 1873 mayistro
359 1827 534 1873 equitum]
561 1827 657 1862 nach
677 1826 763 1861 dem
783 1837 865 1862 vor-

115 1873 380 1920 ausgehenden
393 1875 466 1909 szbi
485 1873 720 1919 uberfiussig,
740 1874 865 1909 hinter

113 1922 337 1967 supplacium
363 1922 520 1966 gesetzt,
546 1933 609 1956 um
635 1922 705 1956 mit
723 1921 862 1957 diesem

114 1969 223 2004 einen
250 1968 430 2004 Kontrast
456 1980 500 2003 zu
525 1968 664 2004 bilden.

163 2026 195 2057 7.
222 2022 404 2057 invidiam
423 2032 564 2057 summa
589 2022 720 2067 petere]
735 2020 866 2056 Dieser

112 2068 292 2106 Gedanke
329 2069 445 2104 findet
471 2069 549 2104 sich
570 2070 666 2103 auch
685 2069 863 2115 45,35‚5:

113 2118 256 2152 intacta
298 2117 445 2152 invidia
494 2117 613 2152 media
663 2120 768 2160 surm
817 2117 866 2151 ad

113 2175 255 2200 summa
279 2164 390 2206 ferme
415 2165 542 2199 tendit.

114 2263 138 2298 d
162 2217 314 2298 iqnffingz
325 2216 597 2299 dizflagrgimg,
633 2216 865 2299 zafftentlich

113 2275 284 2357 pgssffiscss
310 2285 406 2346 s'tat‘t
429 2287 602 2354 J'ulmi'na.
628 2276 642 2299 S
664 2276 681 2299 ρ
767 2275 866 2309 mnes

161 2364 363 2409 incurrere]
386 2363 464 2399 scil.
492 2365 715 2401 dictatorem.

163 2419 205 2452 in
229 2417 419 2463 mayistro]
448 2416 533 2462 Vgl.
560 2416 654 2462 Kap.
678 2420 740 2461 25,
763 2421 783 2452 6
810 2418 866 2452 in-

114 2466 230 2511 digna
255 2465 297 2500 in
322 2465 445 2500 liberis
465 2465 715 2509 patiebantur.

163 2521 195 2552 8.
222 2517 400 2563 omnium]
429 2516 524 2552 aller
549 2517 817 2552 Anwesenden.

162 2570 445 2616 inclinaturum]
475 2570 551 2605 scil.
578 2571 800 2606 dictatorem.

162 2623 226 2660 32.
255 2628 285 2660 1.
313 2624 479 2669 classico]
509 2624 593 2668 Vgl.
614 2623 816 2668 Kap.7,14.

163 2672 213 2707 ad
226 2672 425 2707 contionem
440 2671 646 2716 advocavit]
663 2681 712 2705 sc.
722 2671 863 2706 milites.

115 2718 190 2754 Der
222 2718 371 2763 gleiche
404 2718 600 2752 Ausdruck
634 2718 749 2752 findet
785 2718 864 2753 sich

115 2765 490 2812 26‚46‚13;ebens0
517 2766 587 2800 mit
612 2765 865 2810 Weglassung

116 2789 180 2847 des
207 2794 276 2858 Obj
282 2794 366 2848 ek'ts
395 2813 432 2859 7,
453 2817 514 2855 36,
536 2816 556 2847 9
584 2813 633 2847 ad
665 2813 865 2848 contzonem

115 2863 297 2895 convocat.
333 2836 514 2895 Ubli’cher
525 2862 638 2895 ware.
665 2861 865 2896 contionem

115 2908 316 2943 advocavit.

985 1683 1017 1714 2.
1044 1680 1188 1725 citavit]
1225 1679 1422 1724 gleichwie
1454 1679 1494 1714 in
1521 1680 1593 1715 den
1619 1679 1689 1716 Ge-

937 1726 1385 1772 richtsversammlungen
1405 1727 1464 1762 ein
1480 1738 1614 1772 praeco
1628 1727 1690 1762 die

937 1773 1146 1819 Beklagten
1170 1774 1314 1809 vorlud.

987 1837 1018 1867 3.
1060 1833 1151 1878 tum]
1203 1833 1289 1878 Vgl.
1329 1833 1422 1878 Kap.
1463 1837 1501 1878 6,
1531 1837 1574 1868 12
1613 1833 1690 1869 und

937 1884 956 1923 ξ
985 1884 1028 1915 10
1054 1883 1151 1916 tunc.

986 1940 1088 1984 reyz'a
1110 1939 1284 1985 potestas]
1324 1938 1379 1974 Im
1417 1939 1590 1984 Anfange
1624 1938 1690 1975 der

938 1986 1128 2031 Republik
1161 1987 1294 2021 hatten
1326 1987 1385 2021 die
1418 1986 1587 2022 Konsuln
1611 1986 1689 2022 bei-

937 2034 1034 2068 nahe
1061 2033 1121 2068 die
1153 2034 1300 2077 gleiche
1326 2033 1472 2077 Macht,
1506 2034 1575 2069 wie
1603 2033 1687 2070 ehe-

938 2081 1031 2116 mals
1057 2081 1117 2116 die
1152 2080 1314 2126 Konige3
1352 2081 1469 2116 durch
1503 2081 1563 2116 die
1599 2082 1688 2116 Pro-

938 2128 1130 2172 vokati0n‚
1143 2129 1202 2164 die
1214 2128 1465 2164 Intercession
1477 2129 1542 2163 der
1555 2128 1687 2163 Volks-

938 2175 1131 2218 tribunen,
1176 2176 1235 2211 die
1274 2175 1470 2220 Ablosung
1502 2176 1689 2211 einzelner

939 2222 1263 2258 Geschaftskreise
1283 2223 1346 2258 bei
1365 2223 1603 2276 Einfuhrung
1623 2222 1689 2258 der

940 2268 1080 2305 Censur
1118 2271 1193 2305 und
1229 2270 1364 2305 Pr‘atur
1399 2281 1476 2306 war
1514 2270 1567 2305 sie
1610 2282 1687 2305 nun

939 2318 1053 2353 sehon

941 2365 1104 2400 worden.

983 2424 1184 2470 praetores]
1227 2424 1302 2459 Das
1342 2411 1563 2469 Asynd'eton
1600 2435 1688 2459 enu-

939 2472 1163 2506 merativurn
1195 2471 1256 2507 bei
1286 2483 1356 2507 nur
1388 2472 1479 2506 zwei
1511 2470 1688 2506 Gliedern

939 2519 989 2554 ist
1015 2519 1135 2554 seiten
1160 2519 1236 2553 und
1267 2518 1385 2554 findet
1415 2518 1494 2554 sich
1519 2519 1687 2553 nament-

939 2565 1015 2601 lich
1041 2565 1080 2600 in
1104 2565 1293 2601 lebhafter
1318 2565 1431 2601 Rede.

987 2625 1082 2659 dicto
1114 2625 1320 2660 audientem
1351 2625 1437 2670 esse]
1478 2625 1529 2658 Zu
1567 2623 1690 2659 dieser

938 2671 1148 2706 Redensart
1174 2672 1270 2706 setzt
1295 2671 1423 2706 Livius
1450 2673 1554 2706 sonst
1580 2669 1689 2706 einen

939 2718 1052 2753 Dativ
1078 2719 1131 2766 (1,
1144 2723 1200 2760 41,
1217 2722 1254 2761 ὃς
1281 2718 1319 2765 4,
1332 2722 1389 2762 26,
1405 2723 1442 2760 9;
1470 2719 1533 2763 29,
1544 2721 1588 2752 20
1593 2719 1687 2763 ‚;11)

939 2765 1108 2801 derselbe
1119 2743 1267 2811 '(n‘iml.
1300 2767 1494 2810 dictatori)
1522 2767 1549 2799 is
1536 2767 1569 2799 t
1608 2765 1688 2800 also

937 2812 1018 2848 hier
1053 2824 1120 2847 aus
1156 2813 1241 2848 dem
1280 2813 1604 2857 Zusammenhang
1641 2823 1687 2847 zu

937 2863 1121 2904 ergiinzen
1148 2861 1236 2903 (wie
1265 2858 1368 2895 Caes.
1397 2861 1429 2894 b.
1451 2859 1492 2896 G.
1516 2859 1554 2906 1,
1581 2862 1638 2903 39,
1667 2862 1686 2894 7

936 2907 1013 2942 und
1039 2911 1096 2951 40,
1119 2908 1186 2951 12).

1126 2318 1377 2354 betraehtlich
1457 2317 1688 2353 vermindert
