1794 3084
62 83 89 103 a.
111 75 178 103 chr.
198 84 226 102 n.
246 76 306 102 398.
326 76 387 102 397.
625 64 769 100 LIBER
794 66 836 100 V.
883 65 984 101 CAP.
1013 68 1067 100 16.
1573 65 1626 107 31

64 175 116 218 A.
140 174 342 228 Manlius,
368 175 674 229 magistratum
701 174 897 216 inierunt.
949 189 998 215 eo
1026 188 1140 216 anno
1167 173 1497 229 Tarquinienses
1526 175 1624 216 novi
1652 186 1672 216 2

63 234 212 276 hostes
244 233 400 286 exorti,
439 234 539 289 quia
571 233 717 275 multis
750 233 877 275 simul
908 233 1050 288 bellis,
1089 232 1346 275 Volscorum
1381 233 1434 274 ad
1465 233 1627 286 Anxur,

62 293 138 335 ubi
169 293 428 348 praesidium
462 293 750 346 obsidebatur,
783 294 1029 347 Aequorum
1061 292 1112 334 ad
1140 291 1335 347 Labicos,
1368 293 1439 347 qui
1466 292 1624 334 Roma-

62 367 165 394 nam
197 352 257 394 ibi
290 353 505 394 coloniam
538 353 866 407 oppugnabant,
905 352 956 393 ad
990 351 1072 393 hoc
1104 351 1276 393 Veienti
1309 354 1352 392 et
1382 350 1550 394 Falisco
1585 355 1628 393 et

63 409 274 466 Capenati
314 412 424 453 bello
458 414 691 466 occupatos
723 410 927 452 videbant
960 410 1178 452 Romanos
1211 425 1289 453 nec
1327 411 1441 452 intra
1480 426 1626 454 muros

63 471 277 526 quietiora
315 471 492 525 negotia
530 485 623 512 esse
662 469 969 511 certaminibus
1010 474 1180 524 patrum
1215 485 1262 511 ac
1302 471 1450 524 plebis.
1513 471 1626 512 inter
1652 482 1673 512 3

62 530 170 572 haec
202 529 344 572 locum
376 530 555 571 iniuriae
588 529 671 570 rati
704 543 809 582 esse,
841 529 1097 582 praedatum
1129 529 1174 570 in
1207 543 1356 585 agrum
1384 529 1624 572 Romanum

63 589 262 632 cohortes
306 589 526 644 expeditas
558 588 756 629 mittunt:
801 592 876 629 aut
913 588 1028 628 enim
1067 603 1271 642 passuros
1309 590 1492 630 inultam
1532 604 1622 631 ean]

62 649 264 690 iniuriam
302 648 541 700 Romanos,
586 662 638 689 ne
676 662 788 689 novo
827 647 942 688 bello
982 661 1026 688 se
1065 651 1310 701 onerarent,
1358 652 1432 690 aut
1470 649 1624 705 exiguo

63 721 198 763 eoque
229 721 380 762 parum
407 707 548 748 valido
575 707 764 748 exercitu
790 712 1104 761 persecuturos.
1154 706 1361 748 Romanis
1389 708 1624 764 indignitas
1651 720 1674 750 4

61 768 200 808 maior
238 781 366 822 quam
411 780 513 808 cura
556 766 850 820 populationis
892 765 1266 820 Tarquiniensium
1311 767 1410 820 fuit3
1455 782 1504 810 eo
1548 782 1625 809 nec

62 839 221 882 magno
254 828 412 868 conatu
445 829 647 880 suscepta
677 840 754 867 nec
784 825 829 866 in
861 825 1038 880 longum
1071 825 1204 867 dilata
1234 841 1302 867 res
1337 830 1412 868 est.
1468 826 1520 868 A.
1546 826 1625 868 Po·
1652 840 1672 870 5

61 885 243 927 stumius
276 887 320 926 et
352 884 397 927 L.
429 884 565 926 Iulius
604 900 691 927 non
726 886 840 926 iusto
873 884 1029 926 dilectu
1066 908 1114 914 —
1150 886 1307 926 etenim
1347 886 1400 927 ab
1439 886 1625 928 tribunis

61 944 199 999 plebis
230 943 586 999 impediebantur
617 969 691 999 —,
730 944 803 985 sed
840 958 973 998 prope
1012 944 1370 999 voluntariorum,
1409 959 1515 1000 quos
1555 945 1624 987 ad-

61 1003 274 1046 hortando
306 1004 612 1056 incitaverant,
651 1007 800 1045 coacta
837 1018 967 1044 manu
1006 1017 1081 1057 per
1113 1017 1264 1059 agrum
1298 1003 1521 1046 Caeretem
1554 1005 1626 1047 ob-

61 1062 193 1118 liquis
225 1063 473 1104 tramitibus
501 1063 660 1118 egressi
692 1063 917 1104 redeuntes
950 1077 975 1104 a
1006 1063 1359 1117 populationibus
1387 1077 1625 1119 gravesque

61 1122 220 1177 praeda
245 1120 578 1176 Tarquinienses
606 1136 871 1176 oppressere.
921 1122 1079 1163 multos
1113 1123 1320 1164 mortales
1353 1123 1626 1175 obtruncant,
1653 1135 1674 1166 6

62 1195 210 1223 omnes
244 1183 405 1222 exuunt
435 1181 767 1236 impedimentis,
800 1184 842 1222 et
874 1181 1059 1235 receptis
1094 1195 1296 1236 agrorum
1324 1197 1500 1224 suorum
1533 1197 1627 1237 spo-

61 1240 132 1282 liis
163 1239 347 1282 Romam
385 1242 666 1282 revertuntur.
728 1240 907 1282 biduum
946 1240 1000 1282 ad
1038 1241 1408 1296 recognoscendas
1446 1256 1514 1283 res
1553 1242 1622 1283 da·
1654 1255 1672 1285 7

61 1301 155 1341 tum
193 1299 397 1354 dominis,
440 1300 569 1341 tertio
613 1300 836 1355 incognita
878 1324 925 1329 —
972 1305 1096 1341 erant
1140 1303 1282 1341 autem
1327 1316 1378 1343 ea
1421 1301 1624 1356 pleraque

108 1455 140 1487 2.
178 1451 303 1498 simul]
344 1451 398 1486 als
425 1452 598 1487 Attribut
622 1451 805 1488 zwischen

59 1497 238 1543 Adjektiv
265 1499 340 1534 und
367 1499 584 1534 Substantiv
609 1499 773 1545 gestellt.

107 1546 282 1593 Labicos]
319 1547 393 1582 Das
431 1547 635 1582 Stadtchen
674 1547 807 1583 Labici

59 1593 122 1629 bei
148 1594 351 1629 Tusculum
376 1606 453 1629 war
478 1598 547 1630 418
567 1606 600 1630 V.
623 1594 705 1630 Chr.
733 1607 804 1630 von

60 1641 132 1676 den
157 1640 322 1677 Romern
354 1642 503 1677 erobert
535 1643 609 1677 und
642 1642 808 1677 daselbst

60 1688 143 1724 eine
192 1689 378 1724 romische
422 1689 580 1725 Kolonie
630 1691 808 1735 angelegt

60 1734 212 1771 worden
237 1737 285 1781 (4,
311 1741 368 1779 47,
395 1738 442 1781 5).

110 1784 159 1818 ad
173 1783 253 1829 hoc]
274 1784 584 1819 volkstfimlichei·
597 1783 805 1827 Ausdruck,

63 1831 149 1866 sehr
170 1831 225 1866 oft
246 1831 306 1865 bei
322 1830 464 1866 Sallust
477 1833 551 1866 und
566 1830 692 1866 Livius
714 1833 807 1867 statt

59 1881 260 1922 praeterea,
287 1878 527 1923 desgleichen
546 1881 692 1925 negotia
714 1880 807 1915 statt

59 1936 127 1961 res.

109 1974 386 2019 certaminibus]
432 1973 514 2009 Abl.
555 1985 707 2017 causae,
744 1974 806 2009 bei

61 2020 132 2055 den
176 2020 460 2065 Streitigkeiten
505 2021 597 2056 fiber
640 2021 700 2056 die
739 2022 804 2057 Be-

61 2070 216 2113 setzung
253 2068 317 2103 des
356 2068 534 2104 hochsten
569 2071 696 2104 Amtes
729 2069 806 2104 und

59 2113 202 2160 infolge
246 2116 310 2151 des
357 2116 484 2162 Sieges
523 2117 588 2152 der
624 2116 807 2152 Patrizier

108 2215 141 2245 3.
178 2211 274 2246 inter
304 2211 404 2257 haec]
447 2210 522 2246 ‘bei
560 2212 686 2247 diesen
719 2212 804 2247 Um-

60 2257 248 2293 standen’.

102 2305 372 2352 persecuturos]
405 2305 484 2340 scil.
512 2317 589 2341 eam
613 2307 803 2342 iniuriam.

60 2351 164 2388 Caes.
192 2357 224 2396 7,
250 2357 308 2395 38,
335 2358 378 2388 10
409 2354 589 2398 hortatur,
620 2358 661 2389 ut
693 2355 806 2389 simili

60 2401 202 2435 ratione
226 2411 314 2435 suas
336 2401 499 2436 iniurias
521 2406 805 2447 persequantur3

61 2446 149 2482 Sall.
175 2447 258 2492 Jug.
289 2451 343 2491 14,
369 2452 425 2483 23.

108 2499 141 2530 4.
157 2495 428 2541 populationis]
444 2495 532 2531 Gen.
549 2495 696 2539 obiect.,
710 2496 804 2530 auch

60 2542 130 2577 mit
154 2543 359 2588 indiynitas
385 2544 444 2587 (=
474 2544 696 2588 indiynatio,
730 2543 803 2578 Un-

59 2588 176 2635 wille)
202 2602 246 2624 zu
271 2590 483 2626 verbinden.

107 2647 239 2682 mayno
262 2638 410 2684 conatu]
437 2638 532 2673 auch
553 2641 585 2681 7,
606 2642 637 2682 6,
658 2642 690 2681 9,
719 2637 804 2673 ‘mit

60 2683 204 2729 grofser
223 2684 497 2730 Austrengung,
524 2685 680 2721 Macht’.
715 2686 801 2730 Vgl.

61 2735 117 2774 22,
143 2735 200 2775 36,
227 2736 247 2767 5
279 2733 416 2768 maiore
446 2736 580 2769 conatu
604 2737 710 2778 atque
735 2734 802 2767 im-

55 2782 145 2823 petu
187 2790 260 2815 rem
303 2783 421 2815 aetam
464 2792 574 2826 quam
615 2781 803 2825 prioribus

61 2837 181 2862 annis.

926 1456 958 1488 5.
996 1453 1092 1488 iusto
1129 1453 1278 1499 dilectu]
1319 1453 1373 1488 als
1405 1453 1487 1488 Abl.
1522 1454 1625 1489 modi

879 1513 923 1535 zu
967 1500 1170 1536 verbinden
1213 1500 1284 1536 mit
1327 1505 1452 1547 coacta
1494 1513 1623 1543 manu;

878 1548 974 1582 doch
1014 1548 1114 1583 kann
1150 1560 1237 1583 man
1268 1549 1367 1584 heim
1399 1549 1624 1584 Ubersetzen

879 1594 939 1630 ein
965 1596 1088 1631 habito
1113 1595 1302 1640 beifiigen.

927 1643 1232 1688 impediebantur]
1278 1643 1390 1680 naml.
1429 1645 1524 1680 iusto
1568 1645 1623 1680 di-

881 1691 973 1726 lectu
997 1701 1118 1736 coyerc
1143 1702 1301 1726 manum.

925 1749 1038 1782 prope
1068 1738 1222 1784 vomui]
1261 1739 1420 1774 beinahe
1455 1751 1524 1774 nur
1558 1751 1623 1774 aus

879 1784 1142 1830 Freiwilligen.

926 1844 1187 1890 incitaverant]
1231 1845 1342 1880 nami.
1383 1846 1431 1880 ad
1473 1847 1624 1881 nomina

879 1892 1016 1936 danda,
1043 1891 1122 1927 sich
1148 1891 1187 1926 in
1213 1891 1273 1926 die
1297 1892 1519 1928 Kontrollen
1545 1893 1622 1928 ein-

878 1941 1011 1984 tragen
1037 1952 1078 1974 zu
1105 1940 1226 1974 lassen
1259 1939 1367 1985 (Kap.
1396 1944 1450 1985 10,
1478 1942 1527 1985 4).

927 2010 1056 2044 cyrum
1084 1998 1279 2044 Caeretem]
1313 1999 1401 2034 oder
1434 1999 1621 2036 Caeritem

880 2046 968 2091 (vgl.
998 2047 1088 2091 Kap.
1117 2051 1178 2090 50,
1205 2048 1259 2091 3),
1292 2047 1358 2081 das
1391 2047 1525 2083 Gebiet
1556 2048 1625 2084 der

879 2094 1006 2137 spater
1037 2094 1154 2128 durch
1185 2093 1263 2129 ihre
1288 2093 1526 2139 Heilquellen
1562 2096 1622 2131 be-

878 2140 1043 2176 kannten
1070 2141 1181 2176 Stadt
1206 2142 1330 2176 Caere.

927 2205 959 2235 6.
979 2201 1167 2247 agrorum]
1190 2205 1247 2245 35,
1260 2205 1318 2246 21,
1334 2205 1353 2236 9
1376 2203 1496 2247 spolia
1515 2213 1620 2247 affro-

878 2258 960 2282 rum
999 2252 1106 2294 capta
1144 2250 1266 2284 domos
1302 2250 1500 2285 mittebant.
1551 2249 1624 2285 Der

878 2295 1074 2330 Ausdruck
1104 2297 1223 2341 spolia
1255 2297 1356 2332 steht
1393 2297 1474 2332 hier
1509 2308 1622 2342 unge-

878 2342 1065 2378 wohnlich
1103 2345 1195 2378 statt
1227 2345 1381 2389 praeda.
1436 2344 1624 2380 Letzteres

878 2390 1094 2426 bezeichnet
1143 2397 1244 2427 sonst
1295 2391 1353 2427 die
1404 2393 1623 2427 erbeuteten

877 2436 1090 2481 Menschen,
1122 2438 1230 2474 Tiere
1256 2439 1331 2474 und
1358 2439 1513 2483 Sachen,
1539 2451 1620 2484 spo—

877 2485 929 2520 lia
956 2485 1063 2531 (Kap.
1091 2490 1146 2529 32,
1175 2490 1211 2528 7;
1245 2490 1301 2531 39,
1331 2488 1365 2531 1)
1398 2486 1458 2522 die
1491 2487 1529 2521 in
1556 2487 1621 2522 der

877 2532 1054 2568 Schlacht
1103 2544 1355 2578 gewonnenen
1399 2534 1619 2580 Rustungen

875 2580 950 2614 und
977 2579 1133 2615 Waffen.

925 2642 956 2674 7.
988 2639 1110 2685 tertio]
1143 2639 1221 2674 scil.
1247 2641 1324 2682 die,
1360 2640 1521 2676 welches
1554 2652 1619 2676 aus

875 2686 1026 2721 biduum
1052 2699 1095 2721 zu
1121 2688 1344 2722 entnehmen
1368 2687 1427 2722 ist.

923 2734 980 2779 ea]
1020 2733 1126 2768 Nom.
1155 2736 1248 2770 statt
1282 2734 1371 2770 Gen.
1397 2736 1493 2780 part.
1526 2736 1617 2782 (vgl.

876 2780 967 2826 Kap.
996 2785 1029 2823 6,
1056 2785 1093 2824 93
1123 2786 1178 2825 15,
1208 2785 1239 2825 1)
1266 2793 1395 2828 wegen
1423 2783 1487 2819 der
1511 2783 1619 2820 Nahe

876 2828 939 2863 des
965 2827 1054 2863 Gen.
1081 2830 1246 2865 hostium.
