1794 3084
174 56 232 98 50
718 55 861 91 mana
890 56 948 91 71
999 55 1100 92 CAP.
1127 60 1183 92 22.
1541 76 1568 94 a.
1582 76 1614 94 u.
1625 75 1653 96 Β.
1667 69 1733 96 svs.
1784 66 1794 107 Ἴ·

173 163 280 220 (Ser.
314 162 513 206 Cornelio
553 163 842 218 Maluginensi
885 164 1078 215 tertium,
1124 164 1171 213 Q.
1205 163 1402 219 Servilio,
1447 163 1491 208 C.
1529 163 1730 234 Sulpicio,

172 223 216 264 L.
249 222 433 265 Aemilio
473 198 700 277 quartum⁰
711 220 914 278 tribunis)
954 223 1006 264 ad
1046 223 1305 277 praesidium
1344 224 1463 265 urbis
1500 227 1544 266 et
1580 225 1617 267 si
1655 227 1729 280 qui

175 296 224 323 ex
245 281 420 322 Etruria
439 281 538 322 novi
558 284 698 322 motus
719 281 1020 322 nuntiarentur
1035 306 1088 311 —
1111 282 1255 323 omnia
1275 283 1390 323 enim
1409 282 1508 324 inde
1529 286 1730 338 suspecta

174 344 296 382 erant
331 364 379 369 -
415 340 587 381 relictis.
650 339 702 380 ad
733 339 922 381 Velitras
962 340 1164 381 adversus
1203 341 1366 382 maiora
1403 355 1537 395 paene
1570 342 1731 384 auxilia

172 399 548 441 Praenestinorum
580 413 707 453 quam
739 399 876 452 ipsam
910 399 1158 440 colonorum
1192 399 1512 441 multitudinem
1543 401 1730 443 secundo

174 458 339 512 proelio
372 461 611 512 pugnatum
645 463 711 498 est
742 457 817 511 ita,
848 460 896 498 ut
920 458 1220 512 propinquitas
1247 458 1364 500 urbis
1389 458 1506 500 hosti
1532 460 1576 500 et
1600 473 1731 502 causa
1791 455 1794 492 Ᾰ

173 515 420 558 maturioris
453 516 580 571 fugae
613 519 655 557 et
686 530 816 557 unum
850 531 899 557 ex
931 515 1035 571 fuga
1065 517 1382 571 receptaculum
1408 520 1533 559 esset.
1582 517 1730 573 oppidi
1784 512 1794 565 9]

173 575 496 641 oppugnatione
501 552 691 616 ζ,1111111111
724 575 987 628 abstinuere,
1026 575 1126 630 quia
1165 578 1208 616 et
1246 590 1403 630 anceps
1441 578 1534 617 erat
1570 591 1648 618 nec
1685 577 1731 618 in

171 633 403 688 perniciem
436 633 629 675 coloniae
661 634 937 688 pugnandum
970 635 1213 675 censebant.
1261 634 1431 676 litterae
1463 633 1648 676 Romam
1675 635 1729 676 ad

173 696 369 734 senatum
401 707 496 734 cum
523 692 726 734 victoriae
758 693 920 734 nuntiis
954 693 1138 734 acriores
1171 694 1217 734 in
1242 692 1570 735 Praenestinum
1602 708 1731 749 quam

171 752 216 792 in
259 751 526 793 Veliternum
570 751 739 793 hostem
782 751 952 793 missae.
1025 751 1170 806 itaque
1216 767 1265 792 ex
1310 757 1481 794 senatus
1531 752 1730 795 consulto

173 810 404 866 populique
442 811 562 852 iussu
600 810 759 852 bellum
800 810 1094 852 Praenestinis
1133 810 1360 864 indictum3
1405 811 1477 865 qui
1514 811 1730 853 coniuncti

174 869 342 912 Volscis
383 884 494 911 anno
532 869 783 923 insequente
822 867 1047 923 Satricum,
1092 869 1304 910 coloniam
1347 869 1497 924 populi
1533 869 1730 924 Romani,

172 930 450 983 pertinaciter
489 943 513 970 a
551 927 715 969 colonis
755 927 993 982 defensam,
1030 928 1072 969 vi
1111 930 1411 983 expugnarunt
1447 927 1652 983 foedeque
1684 929 1730 969 in

173 988 308 1043 captis
341 1001 564 1029 exercuere
595 986 833 1028 victoriam.

290 1046 400 1088 Eam
432 1060 521 1087 rem
555 1059 681 1100 aegre
712 1046 830 1099 passi
861 1044 1047 1087 Romani
1079 1044 1135 1086 M.
1162 1045 1338 1087 Furium
1372 1044 1605 1087 Camillum
1637 1059 1731 1087 sex-

173 1108 266 1147 tum
310 1106 533 1147 tribunum
578 1104 764 1146 militum
814 1118 1021 1145 creavere.
1103 1104 1237 1146 additi
1281 1104 1472 1160 collegae
1514 1101 1567 1145 A.
1605 1106 1648 1146 et
1685 1104 1732 1146 L.

173 1165 387 1206 Postumii
408 1163 671 1218 Regillenses
705 1178 754 1204 ac
786 1162 832 1205 L.
852 1162 1005 1204 Furius
1037 1177 1133 1204 cum
1159 1162 1204 1203 L.
1225 1162 1422 1205 Lucretio
1449 1165 1492 1204 et
1517 1162 1573 1205 M.
1593 1162 1729 1205 Fabio

173 1223 401 1265 Ambusto.
463 1222 670 1264 Volscum
701 1222 860 1263 bellum
891 1221 948 1262 M.
974 1221 1105 1263 Furio
1138 1223 1259 1263 extra
1285 1221 1477 1263 ordinem
1503 1221 1731 1264 decretum.

173 1283 344 1324 adiutor
371 1297 422 1324 ex
447 1281 633 1323 tribunis
661 1283 777 1322 sorte
797 1280 845 1321 L.
865 1280 1020 1322 Furius
1048 1280 1186 1331 datur,
1211 1295 1299 1322 non
1324 1283 1413 1322 tam
1440 1294 1462 1321 9
1487 1294 1533 1322 re
1559 1280 1733 1335 publica

170 1409 367 1453 Velitra,
407 1409 644 1453 Pr'aneste,
683 1406 753 1442 die
788 1408 916 1443 Vols·
991 1419 1022 1442 a.
1049 1419 1083 1441 u.
1112 1419 1158 1450 c.;
1198 1406 1273 1451 vgl.
1314 1412 1351 1449 5,
1378 1410 1441 1450 32,
1470 1409 1502 1450 1)
1540 1405 1611 1442 mit
1647 1407 1733 1442 dem
1766 1387 1767 1390 Ἴ

172 1456 266 1501 ker,
293 1456 548 1491 Tusculum.
992 1460 1021 1489 1.
1041 1455 1128 1490 Juli.
1179 1455 1267 1489 Man
1286 1453 1405 1489 denke
1431 1453 1510 1489 sich
1530 1454 1620 1498 also,
1647 1454 1730 1489 dass

218 1504 347 1540 22.1.
387 1503 464 1539 Ser.
501 1501 679 1548 Cornelio]
712 1501 915 1547 Vg1.Kap.
991 1501 1055 1536 das
1081 1501 1265 1536 romische
1289 1501 1388 1536 Heer
1412 1501 1474 1536 bei
1498 1501 1640 1545 Beginn
1666 1501 1731 1536 des

170 1555 202 1595 6
230 1555 262 1586 3,
988 1547 1154 1583 Winters
1179 1548 1366 1583 entlassen
1385 1547 1522 1591 wurde,
1548 1548 1647 1583 dann
1672 1548 1733 1583 die
1764 1575 1767 1578 -

219 1598 260 1643 Q.
282 1597 454 1643 Servilio]
476 1597 571 1632 auch
591 1598 658 1631 378
678 1608 711 1629 11.
729 1598 795 1630 369
816 1596 916 1630 Κο11-
988 1595 1324 1640 Kriegserklarung
1366 1606 1414 1630 an
1457 1595 1634 1630 Praneste
1677 1606 1732 1630 er-

172 1645 412 1688 sulartribun,
462 1643 532 1678 mit
582 1643 667 1677 dem
716 1642 917 1678 Beinamen
989 1642 1108 1687 folgte
1134 1643 1209 1677 und
1233 1642 1285 1676 im
1310 1641 1503 1687 Fn'ihling,
1535 1641 1604 1677 ehe
1637 1652 1732 1677 119119
1764 1661 1765 1665 =

171 1692 348 1734 Fidenas,
375 1692 416 1734 Q.
442 1690 466 1727 f.
500 1690 590 1735 (vgl.
616 1690 708 1734 Kap.
736 1693 769 1734 4,
797 1692 845 1733 7),
874 1689 914 1732 Ω.
988 1689 1347 1724 Konsulartribunen
1390 1688 1557 1734 gew'ahlt
1596 1700 1731 1734 waren,

169 1752 204 1774 11.
234 1740 342 1784 (Kap.
370 1740 494 1782 6,13).
989 1736 1172 1771 Satricum
1199 1738 1376 1771 erstt‘irmt
1400 1736 1535 1771 wurde.

221 1786 257 1822 Ο.
298 1787 389 1831 5¹qu
393 1786 485 1831 icio]
528 1784 733 1827 Camerino,
779 1783 917 1818 Censor
1036 1783 1228 1828 coloniam]
1256 1783 1340 1828 Vgl.
1366 1782 1457 1827 Kap.
1488 1787 1542 1827 16,
1563 1787 1595 1819 6.

170 1837 239 1869 380
266 1833 373 1878 (Kap.
394 1837 450 1875 27,
470 1836 518 1869 4)
1036 1834 1066 1865 5.
1095 1831 1149 1865 M.
1177 1830 1354 1875 Furium]
1382 1829 1466 1875 Vgl.
1492 1830 1587 1874 Kap.
1615 1833 1647 1874 1,
1666 1833 1699 1864 4.

217 1882 263 1916 L.
290 1879 465 1925 Aemilio]
492 1879 577 1923 Vgl.
604 1878 684 1923 Kap
661 1891 694 1923 p.
725 1882 755 1921 1,
777 1882 808 1913 8.
1035 1878 1081 1912 A.
1099 1877 1325 1924 Postumius]
1342 1877 1650 1912 Konsulartribun
1663 1880 1731 1912 397

219 1933 251 1964 2.
286 1931 403 1972 ipsam
435 1925 721 1971 multitudinem]
748 1925 835 1959 Man
861 1936 914 1959 er·
989 1937 1022 1960 v.
1050 1924 1132 1959 Chr.
1160 1926 1206 1969 (5,
1230 1928 1284 1968 16,
1308 1926 1354 1968 1),
1381 1923 1518 1958 Censor
1543 1927 1623 1960 366.

173 1977 306 2010 wartet
337 1973 525 2008 entweder
560 1984 674 2018 paene
705 1973 820 2017 iizayis
851 1973 914 2007 ad·
1033 1972 1079 2006 L.
1109 1971 1335 2017 Postumius]
1364 1970 1448 2016 Vgl.
1469 1971 1563 2015 Kap.
1586 1974 1617 2015 1,
1637 1975 1671 2006 8.

171 2033 294 2057 versus
308 2022 455 2056 auxilia
472 2021 793 2055 Praenestinorum
807 2030 914 2064 qnam
1033 2019 1079 2054 L.
1106 2018 1266 2064 Furius]
1302 2019 1398 2053 auch
1429 2021 1499 2053 370
1529 2018 1731 2053 Konsular-

171 2070 344 2104 adversus
373 2069 491 2112 ipsam
523 2068 728 2102 colonorum
754 2067 914 2101 multitu·
986 2066 1111 2101 tribun
1137 2066 1244 2111 (Kap.
1271 2068 1327 2108 36,
1347 2067 1393 2110 3).

170 2116 290 2152 dinem
316 2115 404 2150 oder
430 2115 600 2149 adversus
631 2113 778 2148 auxilia
803 2113 914 2148 Prae-
1033 2113 1077 2148 L.
1105 2113 1293 2155 Lucretio]
1324 2112 1407 2156 Vgl.
1433 2110 1525 2156 Kap.
1555 2115 1587 2156 4,
1609 2115 1640 2147 7.

171 2164 395 2198 nestinorum
414 2163 555 2196 maiora
570 2171 687 2205 paene
706 2171 814 2205 quam
832 2161 915 2204 issa
1035 2161 1092 2194 M.
1125 2159 1263 2205 Fabio]
1303 2158 1398 2193 auch
1429 2161 1497 2193 369
1531 2158 1730 2194 Konsular-

171 2210 378 2245 colonorum
403 2209 596 2243 multitudo
616 2210 701 2242 erat.
742 2206 810 2242 Die
824 2207 915 2241 Ver·
985 2207 1112 2241 tribun
1138 2207 1244 2251 (Kap.
1265 2209 1322 2249 36,
1344 2208 1391 2250 6),
1416 2209 1485 2240 363
1512 2205 1658 2240 Censor.

170 2267 360 2301 mengung
404 2255 469 2290 der
512 2254 646 2289 beiden
683 2253 914 2288 Ausdrucks-
1035 2258 1066 2288 6.
1092 2253 1286 2299 decretum]
1312 2252 1478 2288 namlich
1496 2263 1582 2287 vom
1602 2252 1726 2296 Senat,

170 2306 309 2339 weisen
338 2303 388 2337 ist
420 2302 480 2337 ein
507 2300 745 2336 stilistiscber
770 2300 911 2335 Fehler.
985 2301 1037 2335 im
1076 2301 1281 2345 Gegensatz
1318 2312 1402 2335 zum
1441 2300 1512 2334 Los
1554 2300 1629 2334 und
1667 2310 1731 2334 zm·

220 2355 252 2385 3
279 2351 366 2395 quia
392 2353 451 2384 et.
505 2347 610 2394 .nec]
633 2365 677 2378 =
697 2351 728 2382 et
753 2349 863 2392 quia.
986 2330 1261 2382 Ubereinkunft
1309 2347 1374 2382 des
1423 2345 1729 2381 Tribunenkolle-

170 2402 202 2434 et
226 2399 314 2443 quia
338 2407 421 2432 non.
986 2395 1118 2439 giums,
1155 2394 1269 2429 daher
1304 2397 1407 2429 extra
1442 2394 1604 2429 ordinem
1639 2392 1728 2438 (vgl.
1768 2423 1769 2426 ,

218 2444 364 2490 anceps]
394 2443 464 2478 Ein
491 2442 616 2477 Sturm
642 2442 709 2477 auf
726 2441 798 2476 den
810 2440 913 2475 Platz
985 2441 1078 2486 Kap.
1105 2445 1161 2484 30,
1185 2442 1232 2485 3).
1769 2435 1771 2444 ’

171 2503 247 2527 war
279 2490 453 2534 misslieh,
487 2489 705 2534 gefahrlich,
737 2487 823 2522 weil
854 2487 913 2522 die
1034 2488 1198 2533 adiutor]
1227 2487 1315 2522 Man
1342 2489 1498 2532 91831139
1525 2487 1597 2521 den
1615 2485 1729 2522 Dativ
1766 2517 1767 2520 ,

170 2538 409 2582 Verteidiger
445 2536 632 2572 zahlreich
670 2546 794 2570 waren
836 2535 912 2569 und
984 2536 1026 2570 ei.
1078 2536 1152 2570 Das
1186 2534 1295 2570 Wott
1326 2533 1534 2579 entspricht
1564 2534 1630 2569 der
1665 2543 1728 2585 89-
1766 2555 1769 2564 .

171 2585 363 2621 vielleicht
397 2584 456 2619 die
488 2583 683 2629 Angreifer
714 2581 911 2616 zurfiekzu-
984 2582 1115 2627 ringen
1152 2581 1373 2626 Bedeutung
1415 2581 1481 2615 des
1517 2580 1558 2615 L.
1597 2579 1728 2615 Furius

173 2633 350 2677 schlagen
374 2631 566 2666 vermocht
591 2631 733 2665 hatten
984 2629 1106 2663 neben
1138 2627 1325 2663 Camillus,
1381 2627 1466 2671 Vgl.
1498 2627 1656 2671 Kap.6,
1684 2630 1728 2661 16

219 2684 250 2715 4.
278 2689 376 2714 anno
401 2677 620 2723 insequente]
652 2688 738 2712 vom
763 2678 912 2711 1131111·-
984 2676 1103 2710 socius
1128 2675 1273 2720 imperii
1300 2675 1419 2709 lectus.

171 2726 326 2761 lichen
358 2725 471 2760 Jahre
503 2736 546 2759 zu
578 2724 782 2767 verstehen,
807 2723 913 2757 nicht
1033 2733 1049 2757 e
1079 2733 1117 2757 re
1144 2721 1311 2767 publica]
1352 2721 1447 2755 ‘zum
1487 2721 1624 2755 Besten
1663 2719 1728 2755 des,

172 2784 256 2808 vom
288 2772 496 2808 romischen
528 2771 752 2816 Amtsjahre.
808 2770 912 2804 Letz·
986 2769 1162 2813 Staates’,
1186 2767 1388 2803 mehrmals
1413 2767 1472 2803 bei
1498 2766 1627 2803 Cicero
1651 2778 1699 2802 un

170 2822 267 2854 teres
292 2819 441 2864 begann
467 2817 538 2854 seit
562 2819 654 2852 zehn
678 2818 816 2852 Jahren
829 2817 912 2862 (363
985 2815 1128 2859 Livius,
1171 2815 1399 2850 namentlich
1441 2826 1459 2850 e
1500 2825 1539 2849 re
1574 2813 1684 2860 publ'
