1794 3084
58 115 268 142 n.cl1.n.381.
564 104 706 139 LIBER
732 104 794 141 VI.
846 104 948 141 CAP.
975 108 1031 140 23.
1059 108 1114 140 24.
1564 105 1621 148 53

58 213 271 268 collegam
304 213 464 255 habere
496 214 586 254 iure
619 214 885 269 imperioque
924 228 1090 268 parem,
1129 213 1278 269 vigore
1317 214 1472 255 aetatis
1505 228 1624 268 prae-

58 275 258 314 stantem.
318 272 463 326 itaque
503 286 565 326 se,
604 273 716 327 quod
756 272 809 314 ad
842 273 1076 314 exercitum
1109 272 1311 325 attineat,
1344 286 1492 327 regere
1525 287 1620 315 con·
1654 285 1695 315 10

58 345 215 385 suesse,
255 345 342 372 non
382 331 493 385 regi3
534 331 724 387 collegae
766 332 994 386 imperium
1038 346 1081 373 se
1120 346 1206 374 non
1239 346 1364 386 posse
1396 331 1622 386 impedire3

58 389 122 431 dis
155 390 263 431 bene
294 389 544 431 iuvantibus
578 393 737 445 ageret,
771 390 882 446 quod
912 405 933 432 e
960 405 1004 432 re
1037 390 1211 445 publica.
1243 390 1427 433 duceret.
1490 392 1623 432 aetati
1655 403 1693 433 ιι

57 462 159 490 suae
192 462 236 490 se
263 449 432 490 veniam
459 463 554 490 eam
580 452 737 503 petere,
770 464 823 490 ne
850 449 895 490 in
923 450 1062 503 prima
1089 450 1178 491 acie
1206 453 1339 503 esset;
1373 464 1481 505 quae
1509 450 1623 491 senis

55 508 202 550 munia.
232 507 278 548 in
307 508 421 549 bello
455 508 554 562 siut,
586 508 639 549 iis
673 523 716 549 se
749 523 838 550 non
880 508 1139 552 defuturum.
1200 509 1242 550 id
1283 524 1306 550 a
1346 508 1410 551 dis
1449 509 1624 551 immor-

54 566 215 608 talibus
247 567 426 621 precari,
458 581 510 608 ne
545 567 617 621 qui
650 581 773 608 casus
807 582 930 608 suum
958 567 1185 609 consilium
1213 568 1427 609 laudabile
1454 568 1622 610 efficiat.

174 623 266 667 Nee
299 626 354 667 ab
386 625 633 667 hominibus
668 626 870 668 salutaris
904 627 1120 668 sententia
1151 641 1227 669 nec
1265 642 1288 668 a
1315 627 1379 668 dis
1411 630 1500 669 tam
1528 628 1623 682 piae
1653 639 1694 670 12

53 698 202 740 preces
245 685 415 726 auditae
462 687 574 727 sunt.
643 685 830 739 primam
868 686 1002 727 aciem
1041 689 1189 728 auctor
1228 700 1398 742 pugnae
1438 687 1625 741 instruit,

56 743 248 786 subsidia
292 742 500 786 Camillus
544 743 707 798 firmat,
757 744 1029 799 validamque
1075 745 1306 787 stationem
1350 760 1427 799 pro
1473 746 1626 787 castris

55 803 254 858 opponit3
298 803 393 858 ipse
425 803 538 844 edito
571 803 667 846 loco
700 806 919 858 spectator
956 804 1149 846 intentus
1187 804 1233 845 in
1265 807 1464 846 eventum
1497 804 1626 846 alieni

55 861 227 904 consilii
259 862 464 904 constitit.

178 919 313 963 Simul
342 922 480 976 primo
515 935 723 964 concursu
751 936 1039 976 concrepuere
1068 937 1198 977 arma,
1230 922 1370 964 hostis
1396 922 1507 976 dolo,
1539 937 1626 964 non
1640 924 1697 966 24

56 982 187 1035 metu,
219 980 371 1035 pedem
403 981 583 1022 rettulit.
645 981 754 1022 lenis
794 981 846 1022 ab
885 984 1008 1036 tergo
1049 982 1182 1023 clivus
1222 984 1315 1023 erat
1346 983 1459 1023 iuter
1491 982 1627 1023 aciem
1653 994 1673 1024 2

57 1042 101 1082 et
144 1043 304 1094 castra3
351 1042 406 1094 et,
452 1039 564 1094 quod
609 1040 839 1082 multitudo
880 1040 1202 1095 suppeditabat,
1246 1041 1410 1096 aliquot
1461 1041 1626 1082 validas

59 1098 260 1140 cohortes
308 1099 352 1140 in
398 1100 552 1140 castris
599 1102 787 1141 armatas
833 1099 1152 1154 instructasque
1195 1100 1474 1155 reliquerant,
1518 1114 1626 1154 quae

55 1158 169 1199 inter
216 1158 494 1200 commissum
539 1159 625 1200 iam
667 1162 902 1212 certamen,
954 1158 1028 1200 ubi
1072 1159 1184 1201 vallo
1237 1159 1628 1214 appropinquasset

57 1216 218 1270 hostis,
265 1220 550 1272 erumperent.
629 1217 848 1259 Romanus
894 1214 1112 1259 cedentem
1157 1218 1327 1259 hostem
1379 1218 1510 1260 effuse
1562 1233 1624 1260 se·
1651 1231 1672 1261 3

57 1276 226 1331 quendo
251 1275 296 1317 in
323 1276 466 1318 locum
493 1277 687 1331 iniquum
713 1279 958 1331 pertractus
986 1279 1253 1331 opportunus
1286 1276 1386 1319 huic
1413 1277 1626 1332 eruptioni

54 1334 149 1377 fuit.
211 1349 360 1377 versus
393 1336 538 1390 itaque
571 1336 616 1376 in
642 1336 849 1378 victorem
875 1339 1015 1378 terror
1042 1338 1084 1377 et
1109 1351 1221 1378 novo
1248 1336 1374 1378 hoste
1403 1339 1445 1378 et
1472 1337 1625 1391 supina

54 1393 167 1435 valle
199 1393 442 1436 Romanam
475 1395 699 1436 inclinavit
732 1395 879 1436 aciem.

172 1452 345 1495 Instant
376 1453 528 1496 Volsci
559 1456 762 1508 recentes,
797 1454 869 1508 qui
911 1469 933 1496 e
976 1454 1130 1496 castris
1168 1455 1378 1510 impetum
1419 1455 1626 1511 fecerant3
1652 1467 1674 1497 4

58 1511 283 1569 integrant
323 1515 365 1554 et
402 1513 470 1554 illi
507 1527 716 1568 pugnam,
754 1513 827 1568 qui
866 1513 1067 1555 simulata
1106 1517 1323 1556 cesserant
1360 1514 1479 1570 fuga.
1541 1514 1627 1556 iam

56 1585 144 1613 non
164 1572 400 1626 recipiebat
422 1587 466 1614 se
485 1572 708 1615 Romanus
730 1573 866 1623 miles,
900 1572 972 1614 sed
993 1573 1219 1616 immemor
1238 1573 1422 1615 recentis
1442 1573 1627 1615 ferociae

60 1630 301 1685 veterisque
329 1631 492 1673 decoris
519 1635 645 1687 terga
670 1632 835 1686 passim
863 1631 995 1673 dabat
1022 1635 1150 1687 atque
1178 1633 1312 1675 effuso
1334 1647 1460 1674 cursu
1486 1635 1628 1674 castra

57 1690 290 1744 repetebat,
323 1705 419 1732 cum
441 1689 662 1745 Camillus,
695 1691 909 1733 subiectus
931 1691 984 1733 ab
1006 1692 1384 1734 circumstantibus
1406 1692 1451 1733 in
1471 1706 1626 1747 equum
1654 1703 1674 1734 5

107 1845 160 1877 10.
183 1842 319 1889 itaque]
340 1842 469 1888 bringt
489 1842 570 1877 eine
591 1842 805 1888 Folgerung

56 1899 122 1924 aus
142 1889 227 1924 dem
247 1890 582 1935 vorhergehenden
597 1888 804 1935 Gegensatz

54 1937 141 1980 (von
178 1948 311 1982 ‘neyare
349 1940 411 1980 an)
449 1937 488 1972 in
526 1937 647 1972 einem
685 1949 805 1973 neuen

55 1981 279 2029 Gegensatz:
319 1986 355 2029 a)
381 1985 496 2030 Folge
530 1984 650 2020 seiner
675 1984 804 2030 gliick-

54 2029 179 2066 lichen
216 2032 515 2077 Kriegffihrung,
555 2032 724 2077 dagegen
765 2033 804 2077 b)

54 2076 170 2125 Folge
204 2090 270 2114 aus
305 2079 370 2114 der
403 2079 607 2115 amtlichen
634 2079 806 2125 Stellung

53 2124 173 2161 seines
197 2125 393 2172 Kollegen.

106 2177 160 2208 11.
185 2174 247 2220 ne]
274 2174 348 2210 Der
371 2175 563 2210 Finalsatz
589 2175 659 2210 mit
684 2187 728 2210 ne
753 2175 804 2210 ist

51 2218 264 2267 Erklarung
289 2234 333 2256 zu
358 2233 446 2258 eam.

100 2278 205 2304 suum
231 2270 439 2316 consilium]
467 2273 487 2313 ξ
510 2274 527 2304 1
554 2270 803 2305 iuvandarum

53 2316 196 2352 ratt'one
220 2317 365 2352 virium.

103 2366 158 2398 12.
185 2364 335 2400 auditae
360 2364 463 2410 swnt]
486 2365 639 2399 ‘fanden
661 2364 799 2399 Gehor’

56 2407 146 2445 oder
171 2410 316 2446 aktiver
343 2411 428 2447 Satz
454 2411 524 2446 mit
552 2411 682 2446 ‘horen
710 2411 802 2448 auf’.

102 2457 241 2504 firmat]
271 2459 408 2494 ‘bildet
442 2459 528 2494 fest’
559 2459 648 2494 oder
683 2457 804 2504 ‘giebt

54 2500 158 2540 Halt’
177 2504 293 2541 durch
307 2506 390 2542 eine
411 2505 596 2542 treffliche
613 2505 803 2551 Ordnung,

55 2551 293 2598 Aufstellung
323 2553 412 2597 (vgl.
434 2557 466 2597 2,
482 2557 538 2597 31,
555 2558 593 2596 23
614 2558 670 2596 21,
687 2557 743 2597 34,
757 2555 803 2597 7).

100 2598 143 2633 in
153 2600 329 2646 eventum]
341 2600 534 2646 abhangig
547 2612 617 2636 von
630 2602 801 2636 intentus.

101 2644 166 2683 24.
195 2652 224 2682 1.
251 2648 406 2694 rettulit]
440 2649 529 2683 Man
561 2649 718 2684 beachte
745 2647 804 2683 die

55 2689 270 2730 Ausdrficke
279 2696 406 2740 pedem
419 2696 535 2739 refero
550 2695 639 2731 oder
648 2696 805 2740 gradum

55 2739 172 2782 refero
196 2741 255 2776 fiir
281 2743 364 2778 cedo
389 2742 478 2788 (ng.
507 2746 527 2785 ξ
554 2747 574 2778 3
601 2744 803 2786 cedentem),

50 2786 176 2866 {edem
189 2790 338 2833 profero
365 2791 454 2825 oder
477 2791 635 2836 qradum
654 2791 804 2835 profero

74 2833 116 2867 fir
136 2837 362 2880 progredior.

103 2883 135 2916 2.
161 2882 207 2918 ab
231 2883 346 2930 teryo]
375 2883 488 2920 n'aml.
516 2885 682 2920 hostium.

925 1843 1197 1888 suppeditabat]
1222 1843 1276 1878 ‘in
1290 1843 1396 1879 Ffflle
1411 1844 1628 1879 vorhanden

878 1891 982 1925 war’.
1013 1911 1056 1916 —
1083 1891 1158 1926 Das
1192 1890 1301 1925 Wort
1331 1891 1382 1926 ist
1412 1890 1475 1926 bei
1500 1890 1626 1926 Livius

879 1939 971 1973 stets
1015 1937 1251 1981 intransitiv,
1294 1938 1356 1973 bei
1400 1938 1528 1974 Cicero
1573 1939 1628 1974 oft

877 1985 1050 2020 transitiv
1083 1987 1142 2031 (=
1169 1985 1208 2020 in
1240 1985 1346 2021 Ffille
1382 1985 1625 2030 darreichen).

925 2032 1162 2080 reliquerant]
1202 2032 1276 2068 Das
1309 2033 1470 2079 Subjekt
1504 2033 1553 2068 ist
1584 2045 1627 2068 zu

879 2080 1104 2116 entnehmen
1148 2091 1214 2115 aus
1259 2080 1346 2115 dem
1395 2080 1628 2117 kollektiven

875 2128 986 2163 hostis
1012 2131 1031 2170 ξ
1061 2133 1091 2164 1.

923 2175 1051 2221 hostis]
1078 2175 1159 2211 hier
1185 2176 1364 2211 exereitus
1388 2175 1591 2211 Romanus.

925 2225 956 2258 3.
983 2222 1226 2269 opportunus]
1254 2222 1518 2268 blossgestellt,
1544 2233 1627 2258 aus-

903 2271 1028 2305 esetzt.

876 2281 900 2315 g
924 2317 1134 2364 inelinavit]
1147 2316 1315 2352 ‘brachte
1325 2329 1408 2352 zum
1416 2317 1626 2360 Weichen’,

877 2375 950 2399 von
962 2363 1092 2446 teilliem
1112 2364 1342 2410 geordneten
1361 2365 1563 2410 Riickzuge
1583 2375 1628 2399 zu

876 2422 957 2447 vers
980 2423 998 2446 e
1029 2423 1084 2446 en.

926 2463 958 2494 4.
1003 2459 1205 2505 intem-auc]
1253 2458 1490 2494 unklassisch
1534 2460 1627 2494 statt

878 2507 1138 2551 redinteyrant.
1177 2506 1253 2541 Das
1273 2506 1384 2542 Wort
1408 2506 1525 2541 findet
1547 2505 1627 2540 sich

876 2553 938 2588 bei
963 2552 1090 2588 Livius
1122 2553 1300 2588 zuweilen
1332 2554 1416 2597 (mit
1441 2554 1525 2588 dem
1554 2553 1627 2587 Ob-

873 2600 959 2645 jekt
981 2612 1145 2645 puynam
1177 2600 1273 2635 auch
1300 2604 1332 2643 3,
1355 2604 1410 2641 70,
1432 2604 1452 2635 6
1479 2613 1511 2635 u.
1541 2604 1572 2642 7,
1595 2605 1626 2644 7,

879 2649 926 2691 8),
952 2647 1121 2693 h‘aufiger
1142 2647 1279 2692 jedoch
1305 2649 1559 2692 redintegrare.

926 2696 1053 2730 veteris
1085 2695 1222 2730 decoris
1277 2694 1364 2729 ‘des
1396 2695 1497 2730 alten
1528 2693 1626 2729 Ruh-

878 2742 970 2776 mes'
994 2752 1123 2786 wegen
1144 2741 1209 2777 der
1251 2741 1333 2786 iege
1353 2741 1392 2776 in
1412 2741 1484 2776 den
1504 2741 1625 2777 frfihe-

878 2800 943 2824 ren
968 2788 1295 2833 Volskerkriegen.

927 2841 958 2872 5.
985 2836 1179 2881 subiectus]
1207 2835 1246 2870 in
1267 2836 1331 2871 der
1351 2834 1626 2871 dichterischen

879 2883 1099 2929 Bedeutung
1116 2883 1462 2929 ‘hinaufgeworfem
1478 2882 1625 2918 hinauf-
