1794 3084
177 92 230 133 18
701 92 841 126 LIBER
870 93 928 127 VI.
980 92 1079 127 CAP.
1108 97 1139 127 6.
1168 96 1198 129 7.
1531 110 1556 129 a.
1576 111 1604 129 u.
1627 111 1652 130 c.
1672 105 1740 131 368.

297 198 474 241 Cunctis
496 201 538 240 in
560 203 723 253 partem
747 199 932 240 muneris
956 200 1020 240 sui
1040 200 1223 254 benigne
1239 200 1541 254 pollicentibus
1562 215 1733 255 operam

179 257 397 311 Valerius,
443 259 580 299 socius
620 258 787 312 imperii
827 259 978 311 lectus,
1023 258 1176 300 adiecit
1222 258 1276 299 M.
1317 258 1490 300 Furium
1537 259 1618 301 sibi
1655 274 1735 314 pro

133 328 150 358 7
180 317 386 358 dictatore
432 331 558 370 seque
604 316 641 357 ei
685 331 761 370 pro
808 317 1016 371 magistro
1062 317 1252 371 equitum
1294 316 1502 371 futurum3
1547 317 1738 372 proinde,

179 390 305 430 quam
353 376 600 430 opinionem
646 375 696 416 de
741 375 867 416 unico
912 376 1188 429 imperatore,
1233 389 1327 416 eam
1372 390 1491 430 spem
1532 376 1582 417 de
1617 377 1734 418 bello

177 433 401 476 haberent.
452 448 495 475 se
522 448 622 475 vero
649 434 757 475 bene
790 447 960 487 sperare
994 437 1140 488 patres
1174 437 1216 475 et
1247 434 1297 474 de
1328 434 1442 476 bello
1475 437 1517 475 et
1548 435 1598 476 de
1631 449 1737 489 pace

131 505 148 535 3
179 493 462 547 universaque
503 507 547 533 re
586 492 757 546 publica
796 492 924 533 erecti
963 492 1119 547 gaudio
1158 493 1364 543 fremunt,
1408 507 1487 534 nec
1527 493 1738 536 dictatore

176 566 377 604 umquam
418 565 524 604 opus
565 551 655 592 fore
695 551 755 592 rei
793 551 1007 605 publicae,
1048 552 1084 592 si
1116 551 1227 592 tales
1259 551 1372 592 viros
1404 551 1447 592 in
1479 553 1738 607 magistratu

179 610 349 664 habeat,
376 613 465 651 tam
493 610 773 651 concordibus
800 609 968 651 iunctos
998 610 1164 663 animis,
1197 624 1346 663 parere
1375 612 1502 665 atque
1526 610 1739 666 imperare

177 669 295 709 iuxta
335 672 510 722 paratos
550 668 803 723 laudemque
837 668 1105 710 conferentes
1138 669 1282 723 potius
1315 669 1358 709 in
1390 669 1576 710 medium
1609 683 1736 724 quam

177 742 225 768 ex
258 728 475 769 communi
508 727 560 768 ad
593 742 636 768 se
669 728 899 769 trahentes.

294 786 466 827 Iustitio
508 785 669 827 indicto
710 786 952 840 dilectuque
990 785 1140 827 habito
1176 785 1327 826 Furius
1367 799 1415 827 ac
1445 785 1643 827 Valerius
1683 786 1736 827 ad

178 844 390 885 Satricum
412 844 606 898 profecti,
624 859 706 898 quo
728 859 814 886 non
829 844 1087 885 Volscorum
1109 845 1233 885 modo
1255 844 1519 886 iuventutem
1534 843 1735 886 Antiates

177 918 227 944 ex
259 918 370 945 nova
410 903 557 944 subole
596 904 769 957 lectam,
810 903 881 944 sed
920 903 1137 957 ingentem
1176 904 1258 944 vim
1296 902 1546 945 Latinorum
1585 902 1737 944 Herni-

177 976 407 1016 corumque
456 962 727 1003 conciverant
773 976 822 1002 ex
866 961 1154 1015 integerrimis
1194 961 1360 1002 diutina
1405 976 1508 1016 pace
1552 961 1737 1016 populis.

177 1021 320 1074 itaque
353 1035 488 1062 novus
521 1021 659 1062 hostis
692 1021 827 1061 veteri
860 1021 1084 1061 adiunctus
1118 1020 1352 1061 commovit
1384 1021 1548 1062 animos
1581 1020 1734 1062 militis

177 1078 371 1120 Romani.
435 1079 546 1133 quod
579 1080 653 1120 ubi
686 1079 818 1120 aciem
858 1080 944 1120 iam
976 1078 1207 1120 instruenti
1239 1077 1422 1120 Camillo
1461 1079 1736 1121 centuriones

179 1138 535 1179 renuntiaverunt
573 1138 771 1179 turbatas
810 1138 997 1178 militum
1035 1141 1200 1179 mentes
1241 1151 1350 1191 esse,
1388 1138 1578 1192 segniter
1616 1152 1738 1179 arma

177 1205 320 1251 capta,
365 1197 770 1251 cunctabundosque
814 1200 856 1237 et
900 1197 1147 1237 resistentes
1194 1210 1389 1251 egressos
1435 1197 1585 1238 castris
1631 1210 1736 1250 esse,

178 1256 278 1309 quin
323 1269 448 1297 voces
491 1269 657 1310 quoque
703 1255 871 1296 auditas
917 1255 1028 1296 ecum
1068 1256 1255 1296 centenis
1301 1255 1499 1296 hostibus
1544 1255 1737 1310 singulos

179 1317 446 1369 pugnaturos
491 1317 533 1354 et
579 1327 704 1368 aegre
750 1314 956 1354 inermem
1001 1317 1166 1355 tantam
1207 1313 1538 1368 multitudinem,
1580 1313 1736 1355 nedum

181 1376 390 1414 armatam
425 1373 626 1414 sustineri
658 1371 814 1426 posse',
852 1373 896 1413 in
936 1387 1090 1426 equum
1123 1372 1260 1413 insilit
1292 1375 1334 1413 et
1366 1375 1464 1414 ante
1498 1373 1633 1427 signa,
1663 1372 1737 1414 ob·

180 1446 327 1472 versus
359 1432 403 1472 in
438 1432 586 1483 aciem,
620 1431 792 1472 ordines
826 1431 1156 1485 interequitans:

178 1534 286 1569 Stadt
312 1534 370 1569 die
393 1534 607 1579 Befugnisse
633 1546 687 1578 zu,
716 1535 787 1568 den
808 1533 922 1569 Senat

176 1594 219 1616 zu
234 1582 386 1616 berufen
402 1582 475 1615 und
491 1581 590 1616 seine
605 1581 922 1625 Verhandlungen

176 1640 221 1662 zu
234 1629 360 1671 leiten,
376 1627 447 1663 den
460 1628 593 1663 Kultus
607 1641 649 1662 zu
665 1628 920 1671 &bei-walchen,

176 1675 366 1710 Komitien
387 1686 431 1709 zu
451 1675 591 1717 halten,
617 1676 735 1710 Recht
755 1687 797 1709 zu
820 1686 919 1719 spre-

177 1723 269 1757 chen
296 1722 371 1756 und
398 1722 463 1756 auf
487 1723 620 1757 andere
642 1723 711 1757 den
734 1721 840 1756 Staat
860 1723 921 1756 be-

175 1769 353 1804 treffende
362 1769 707 1814 Angelegenheiten
718 1780 762 1802 zu
774 1770 919 1804 achten.

176 1816 285 1851 Diese
336 1816 600 1851 Vollmachten
650 1816 798 1851 werden
845 1828 920 1850 nun

177 1863 330 1908 speciell
356 1863 438 1898 dem
467 1862 657 1898 Cornelius
683 1863 872 1907 zugeteilt.

226 1914 279 1945 16.
294 1912 454 1945 muneris
468 1911 542 1956 sui]
559 1911 648 1945 Gen.
664 1910 919 1954 explicativuS,

178 1957 250 1991 ‘fiir
295 1957 365 1991 den
411 1957 536 1992 Antei]
578 1957 677 1992 ihrer
720 1957 920 2002 Aufgabe',

177 2004 210 2038 d.
239 2004 272 2039 h.
300 2004 358 2037 fiir
385 2004 444 2039 die
471 2004 584 2039 ihnen
608 2003 807 2049 zugeteilte
832 2002 920 2037 Auf-

203 2051 282 2086 abe.

177 2063 201 2095 g
225 2097 372 2143 adiecit]
411 2097 460 2131 Er
499 2096 654 2139 erkffirt,
692 2097 761 2131 wie
794 2108 831 2131 er
861 2096 921 2131 fiir

179 2145 278 2179 seine
319 2144 489 2188 Stellung
528 2144 680 2179 Camillo
716 2145 921 2178 submittere

179 2192 366 2236 imperium
392 2192 426 2235 (ξ
454 2193 488 2234 7)
515 2191 694 2225 verstehe.

227 2241 280 2272 17.
316 2248 352 2272 se
376 2241 472 2279 vero]
504 2248 584 2272 vero
622 2238 706 2271 tritt
742 2237 920 2272 zuweilen

177 2285 422 2319 verstiirkend
467 2297 510 2318 zu
554 2284 673 2318 einem
711 2284 920 2318 Pronomen

177 2332 286 2366 hinzu
313 2333 405 2366 statt
430 2331 588 2376 quidem.-
616 2331 714 2365 Curt.
737 2335 769 2374 3,
789 2335 820 2373 8,
836 2335 856 2365 5
883 2334 921 2365 at

177 2379 345 2421 Dareus,
379 2382 419 2412 ut
451 2381 528 2412 erat
560 2381 706 2412 sanctus
739 2388 781 2412 ae
811 2379 921 2420 mitis,

177 2437 212 2460 se
243 2436 324 2460 vero
356 2429 497 2460 temtum
528 2425 676 2467 facinus
706 2429 814 2468 neyat
851 2435 922 2459 esse

178 2474 372 2515 facturum.
413 2471 485 2507 Cic.
513 2472 612 2506 Brut.
643 2475 708 2505 192
736 2482 796 2515 eqo
822 2482 922 2513 ver0;

179 2523 246 2554 292
279 2522 321 2553 tu
350 2530 441 2554 vero.
494 2518 580 2553 Sall.
615 2519 692 2553 Cat.
720 2522 776 2561 37,
803 2522 825 2552 4
862 2519 922 2552 sed

178 2567 323 2601 urbana
361 2567 498 2610 plebes,
547 2577 589 2600 ea
632 2575 713 2600 vero
750 2575 923 2609 praeceps

179 2617 274 2654 erat‚·
302 2616 359 2657 58,
386 2616 440 2647 16.
468 2612 590 2654 Quint.
619 2616 651 2654 9,
672 2616 704 2652 3,
725 2615 779 2647 68.

229 2663 282 2695 18.
301 2661 341 2694 in
354 2659 525 2704 medium]
546 2660 689 2702 confero
703 2659 744 2693 in
757 2659 922 2702 medium,

180 2707 240 2741 ich
261 2707 391 2742 mache
412 2719 493 2741 zum
514 2706 748 2750 Gemeingut,
768 2704 922 2741 verteile

180 2755 245 2788 auf
274 2753 356 2788 alle.
391 2758 422 2797 3,
449 2757 505 2796 44,
531 2757 569 2795 43
605 2758 635 2795 ὃ,
661 2756 718 2796 44,
748 2757 775 2788 1.
823 2752 921 2787 Suet.

179 2801 274 2845 Aug.
302 2804 355 2834 71.

227 2858 270 2881 ezc
292 2847 486 2892 communi]
509 2857 690 2882 commune
711 2847 837 2889 subst„
857 2845 923 2880 der

995 1533 1242 1577 gemeinsame
1257 1534 1390 1577 Besitz,
1405 1534 1471 1569 das
1485 1533 1737 1579 gemeinsame

994 1581 1202 1615 Verdienst.

1043 1628 1078 1663 7.
1131 1633 1160 1663 1.
1199 1626 1385 1663 Satricum
1423 1638 1499 1661 war
1536 1627 1617 1662 eine
1660 1628 1737 1662 alte

993 1674 1246 1709 Latinerstadt
1283 1686 1342 1709 am
1378 1674 1596 1709 nordlichen
1632 1674 1738 1709 Ende

994 1722 1059 1756 der
1072 1721 1377 1766 Pomptinischen
1391 1720 1527 1765 Ebene‚
1542 1732 1603 1756 am
1616 1720 1737 1756 Fh‘iss-

994 1769 1088 1803 chen
1113 1769 1249 1803 Astfira
1273 1768 1311 1802 in
1337 1769 1402 1803 der
1429 1769 1535 1803 Nahe
1566 1779 1639 1803 von
1662 1767 1736 1802 An·

993 1815 1098 1850 tium.
1143 1815 1248 1850 Beim
1273 1815 1484 1850 Einbruche
1510 1815 1574 1850 der
1594 1814 1737 1850 Gallier

994 1863 1113 1906 geriet
1144 1863 1196 1896 sie
1227 1863 1266 1896 in
1297 1862 1357 1896 die
1382 1861 1510 1897 Macht
1541 1862 1606 1897 der
1631 1861 1738 1897 Vols-

993 1909 1070 1953 ker,
1098 1910 1216 1944 denen
1242 1909 1294 1943 sie
1315 1909 1412 1954 jetzt
1437 1908 1619 1944 entrissen
1643 1907 1737 1944 wird.

994 1957 1099 2001 (Kap.
1127 1959 1159 1999 8,
1182 1958 1252 1999 10).
1308 1956 1363 1990 Im
1394 1956 1593 2000 folgenden
1624 1955 1737 1990 Jahre

993 2004 1084 2038 wird
1122 2003 1286 2038 daselbst
1322 2003 1403 2038 eine
1435 2002 1591 2037 Kolonie
1624 2013 1736 2046 ange-

993 2051 1072 2094 legt
1099 2050 1205 2095 (Kap.
1235 2054 1289 2092 16,
1311 2051 1358 2093 6),
1390 2050 1478 2084 aber
1509 2052 1577 2084 382
1598 2061 1631 2084 v.
1653 2048 1735 2085 Chr.

993 2096 1086 2131 wird
1129 2097 1187 2131 die
1231 2095 1340 2131 Stadt
1383 2096 1520 2132 wieder
1555 2107 1628 2131 von
1666 2097 1737 2132 den

993 2143 1177 2179 Volskern
1203 2144 1351 2178 erobert
1376 2144 1483 2188 (Kap.
1510 2146 1568 2186 22,
1593 2143 1639 2189 4).
1778 2144 1781 2146 ⁷

1040 2201 1083 2226 ex
1114 2201 1208 2225 ‘nova
1241 2188 1379 2236 subole]
1418 2191 1489 2225 mit
1518 2190 1643 2235 Bezug
1673 2189 1740 2225 auf

993 2237 1052 2272 die
1084 2236 1307 2282 Niederlage
1339 2237 1404 2272 der
1434 2237 1594 2272 Volsker
1623 2236 1676 2271 im
1702 2237 1735 2272 J.

994 2287 1061 2319 389
1089 2284 1196 2328 (Kap.
1224 2288 1257 2327 2,
1279 2286 1348 2328 12).

1039 2331 1116 2376 sed]
1152 2330 1246 2366 ohne
1285 2332 1408 2374 etiam,
1452 2332 1549 2366 nach
1585 2340 1736 2365 vorans-

994 2378 1200 2422 gehendem
1224 2388 1299 2412 non
1323 2379 1438 2421 modo,
1470 2377 1648 2412 zuweilen
1676 2376 1737 2412 bei

995 2424 1133 2468 Cicero,
1160 2425 1216 2460 oft
1240 2424 1300 2458 bei
1325 2424 1452 2459 Livius
1479 2425 1521 2469 (z.
1537 2423 1577 2459 B.
1600 2427 1630 2468 1,
1645 2427 1732 2468 40,1
1756 2433 1768 2444 ³

995 2484 1027 2506 u.
1056 2476 1111 2514 49,
1133 2475 1170 2514 53
1197 2476 1230 2515 2,
1252 2476 1307 2514 33,
1329 2472 1373 2515 7).
1419 2471 1503 2516 Vgl.
1528 2470 1622 2515 Kap.
1649 2474 1682 2513 8,
1702 2473 1734 2505 5.

1041 2519 1190 2553 diutina
1210 2518 1318 2563 paee]
1344 2518 1427 2562 Vgl.
1453 2518 1545 2562 Kap.
1574 2523 1606 2560 2,
1632 2521 1664 2552 3.

1043 2568 1074 2598 2.
1113 2566 1207 2609 quod
1238 2566 1315 2609 ubi]
1344 2582 1389 2593 =
1414 2566 1535 2610 itaque
1564 2564 1640 2608 ubi,
1672 2564 1736 2599 ubi

994 2612 1119 2655 igitur.
1169 2611 1260 2655 Kap.
1288 2614 1320 2652 8,
1341 2615 1372 2646 2.

1043 2658 1256 2704 resistentes]
1273 2658 1573 2701 widerstrebend‚
1585 2675 1630 2686 =
1640 2657 1735 2693 reni-

995 2708 1118 2748 tentes,
1144 2705 1261 2740 selten
1286 2704 1434 2739 absolut
1460 2706 1506 2749 (2,
1529 2708 1584 2748 52,
1605 2707 1651 2748 2).

1042 2751 1147 2797 quin]
1174 2751 1377 2796 steigernd:
1399 2751 1451 2795 ja,
1478 2762 1598 2796 sogar.

1043 2803 1074 2833 3.
1112 2799 1293 2842 obversus]
1337 2797 1412 2832 Das
1450 2798 1639 2841 poetische
1676 2798 1734 2833 ob-

993 2843 1737 2890 vertere(hinwenden,umkehren)wurde
1793 2844 1794 2891 ζ
