1794 3084
558 791 562 794 ,
612 739 935 788 PERIOOHA
973 740 1143 786 LIBRI
1183 740 1260 786 VI.

275 866 360 907 Res
394 866 594 908 adversus
621 866 806 908 Volscos
840 871 882 908 et
908 867 1080 921 Aequos
1109 870 1151 907 et
1177 867 1479 908 Praenestinos
1505 881 1711 922 prospere

157 928 302 980 gestas
337 926 537 966 continet.
590 928 792 979 quattuor
823 926 962 966 tribus
996 926 1200 967 adiectae:
1234 924 1473 978 Stellatina,
1504 925 1711 967 Tromen—

155 985 258 1036 tina,
292 982 511 1038 Sabatina,
542 985 776 1026 Arniensis.
826 984 881 1025 M.
908 984 1108 1037 Manlius,
1141 985 1211 1038 qui
1238 982 1496 1038 Capitolium
1528 999 1553 1025 a
1573 983 1709 1026 Gallis

157 1042 414 1097 defenderat,
452 1057 547 1084 eum
586 1043 815 1085 obstrictos
856 1057 951 1083 aere
984 1043 1124 1084 alieno
1157 1043 1371 1097 liberaret,
1410 1056 1543 1084 nexos
1576 1043 1710 1084 exsol-

109 1124 129 1154 3
157 1104 284 1154 veret,
318 1101 494 1142 erimine
533 1101 718 1142 affectati
756 1101 877 1156 regni
917 1101 1144 1143 damnatus
1184 1101 1234 1142 de
1273 1115 1374 1143 saxo
1408 1101 1594 1142 deiectus
1627 1103 1711 1155 est3

156 1160 201 1200 in
234 1160 353 1201 euius
379 1162 527 1201 notam
553 1163 724 1201 senatus
752 1160 995 1202 consultum
1021 1160 1183 1201 factum
1204 1162 1282 1214 est,
1312 1174 1364 1200 ne
1391 1160 1458 1201 cui
1478 1159 1528 1201 de
1548 1158 1711 1201 Manlia

156 1220 282 1273 gente
320 1218 465 1259 Marco
503 1232 659 1260 nomen
699 1221 822 1260 esset.
886 1217 931 1260 C.
963 1218 1149 1260 Licinius
1189 1220 1231 1259 et
1262 1218 1307 1260 L.
1340 1217 1508 1259 Sextius
1546 1218 1710 1259 tribuni

156 1276 295 1330 plebis
341 1277 479 1331 legem
524 1277 919 1332 promulgaverunt,
960 1280 1008 1318 ut
1051 1277 1247 1319 eonsules
1287 1291 1337 1318 ex
1379 1276 1502 1331 plebe
1545 1277 1709 1331 fierent,

156 1334 228 1389 qui
261 1349 309 1375 ex
342 1335 535 1388 patribus
574 1336 843 1389 creabantur3
893 1350 1068 1390 eamque
1108 1350 1203 1377 eum
1241 1348 1400 1390 magna
1437 1335 1708 1377 contentione

88 1417 129 1446 10
156 1394 496 1448 repugnantibus
535 1394 750 1447 patribus,
794 1409 888 1435 eum
932 1394 1060 1435 iidem
1103 1394 1265 1435 tribuni
1302 1394 1439 1448 plebis
1477 1407 1553 1448 per
1591 1393 1711 1447 quin·

159 1452 391 1506 quennium
425 1452 504 1493 soli
537 1453 815 1507 magistratus
847 1453 1042 1507 fuissent,
1075 1453 1356 1508 pertulerunt3
1389 1454 1431 1493 et
1461 1452 1625 1506 primus
1658 1465 1709 1493 ex

157 1510 281 1563 plebe
309 1511 458 1552 consul
486 1511 531 1551 L.
552 1509 720 1552 Sextius
747 1515 914 1552 oreatus
947 1514 1022 1552 est.
1084 1511 1174 1552 lata
1206 1513 1271 1552 est
1304 1514 1346 1552 et
1378 1511 1514 1552 altera
1544 1511 1624 1564 lex,
1656 1524 1708 1551 ne

157 1569 224 1610 eui
255 1569 353 1623 plus
389 1569 634 1624 quingentis
668 1570 888 1625 iugeribus
922 1570 1014 1624 agri
1045 1570 1193 1611 liceret
1224 1569 1454 1624 possidere.
