1794 3084
107 355 127 385 5
155 344 284 386 Veios
318 347 419 386 erat.

85 1109 143 1150 44

154 119 210 160 80
670 119 815 154 LIBER
839 119 878 153 V.
927 118 1028 155 CAP.
1055 123 1111 154 43.
1138 123 1194 155 44.

1509 136 1535 154 a.
1557 136 1588 155 u.
1608 135 1632 154 c.
1652 130 1714 155 364.

154 227 424 268 immemores
458 231 499 268 et
531 227 643 281 quod
675 227 719 267 in
751 227 855 268 urbe
887 227 1029 268 fuerat
1062 226 1326 268 frumentum
1357 227 1562 268 incendiis
1595 227 1713 269 urbis

155 286 502 340 absumpserant,
548 289 589 326 et
627 300 676 326 ex
715 286 829 339 agris
874 299 949 339 per
988 299 1060 326 eos
1097 286 1213 339 ipsos
1251 286 1339 327 dies
1377 289 1550 340 raptum
1588 299 1714 328 omne

480 344 614 398 igitur
646 344 834 385 exercitu
865 344 1002 386 diviso
1041 345 1198 398 partim
1236 358 1313 399 per
1343 344 1548 386 finitimos
1579 359 1713 399 popu-

153 404 218 444 los
256 403 451 457 praedari
490 402 670 456 placuit,
707 402 863 456 partim
904 403 1098 444 obsidere
1137 417 1292 457 arcem,
1330 405 1378 444 ut
1416 403 1712 445 obsidentibus

153 461 414 503 frumentum
447 461 726 516 populatores
761 475 961 516 agrorum
993 462 1258 515 praeberent.

271 520 595 561 proficiscentes
629 520 775 562 Gallos
816 520 870 561 ab
908 521 1012 562 urbe
1051 521 1103 561 ad
1136 520 1378 562 Romanam
1410 520 1711 574 experiendam

153 581 356 620 virtutem
387 578 562 620 fortuna
593 579 688 633 ipsa
720 579 922 632 Ardeam,
962 580 1036 620 ubi
1069 577 1275 620 Camillus
1315 579 1533 633 exulabat,
1571 579 1712 635 duxit3

108 649 126 679 7
156 638 227 692 qui
261 638 465 679 maestior
501 638 562 679 ibi
600 639 775 679 fortuna
807 638 980 692 publica
1013 653 1140 692 quam
1181 653 1257 679 sua
1296 652 1392 679 cum
1424 638 1487 679 dis
1526 638 1709 679 homini-

154 697 317 751 busque
350 697 600 738 accusandis
635 700 884 750 senesceret,
918 697 1182 752 indignando
1216 697 1514 751 mirandoque,
1545 697 1620 738 ubi
1651 696 1716 738 illi

154 756 234 796 viri
273 759 430 806 essent,
469 756 540 810 qui
580 769 722 797 secum
761 755 890 797 Veios
929 755 1206 810 Faleriosque
1244 756 1476 810 cepissent,
1521 756 1594 809 qui
1632 755 1716 797 alia

109 824 129 855 8
155 815 268 856 bella
305 814 461 855 fortius
506 829 674 868 semper
712 829 839 867 quam
877 814 1044 856 felicius
1089 815 1343 868 gessissent,
1386 817 1559 868 repente
1597 815 1716 856 audit

155 873 378 914 Gallorum
418 873 652 915 exercitum
692 876 918 914 adventare
958 877 1085 928 atque
1119 874 1168 914 de
1207 888 1256 914 eo
1296 873 1474 927 pavidos
1506 873 1715 915 Ardeates

157 933 412 973 consultare.

473 947 551 973 nec
591 947 710 973 secus
743 947 872 986 quam
911 932 1055 973 divino
1096 932 1249 985 spiritu
1286 935 1428 974 tactus
1467 947 1563 973 cum
1594 946 1640 973 se
1671 933 1717 973 in

155 991 338 1032 mediam
383 992 629 1032 contionem
672 991 908 1044 intulisset,
958 991 1174 1032 abstinere
1219 994 1364 1032 suetus
1415 994 1515 1032 ante
1557 991 1716 1032 talibus

158 1050 349 1091 conciliis
357 1083 367 1102 ,

276 1107 548 1162 cArdeates’,
587 1109 745 1163 inquit,
787 1108 973 1150 ‘veteres
1007 1108 1150 1159 amici,
1181 1110 1283 1149 novi
1315 1109 1446 1150 etiam
1477 1108 1590 1150 cives
1621 1109 1717 1163 mei,

159 1167 328 1222 quando
368 1170 411 1208 et
448 1170 637 1208 vestrum
676 1168 930 1208 beneficium
968 1167 1030 1208 ita
1066 1167 1169 1208 tulit
1200 1170 1243 1208 et
1279 1167 1453 1209 fortuna
1483 1167 1565 1209 hoc
1597 1168 1717 1223 eguit

155 1240 268 1278 mea,
312 1240 438 1267 nemo
483 1229 671 1267 vestrum
717 1226 980 1268 condicionis
1020 1240 1138 1267 meae
1177 1226 1359 1267 oblitum
1397 1241 1464 1267 me
1500 1226 1584 1268 huc
1621 1241 1717 1281 pro·

157 1285 335 1326 cessisse
379 1287 520 1339 putet,
565 1285 637 1326 sed
681 1300 748 1326 res
795 1300 843 1326 ac
887 1285 1125 1340 periculum
1164 1299 1388 1326 commune
1427 1286 1559 1340 cogit,
1604 1285 1718 1340 quod

109 1355 129 1385 2
159 1344 337 1398 quisque
369 1344 509 1398 possit
540 1343 583 1384 in
617 1358 661 1385 re
694 1344 862 1398 trepida
893 1344 1097 1399 praesidii
1123 1343 1167 1384 in
1201 1343 1387 1384 medium
1420 1344 1623 1386 conferre.
1675 1347 1718 1386 et

161 1403 329 1457 quando
368 1416 448 1457 ego
486 1403 608 1443 vobis
647 1417 725 1457 pro
764 1404 899 1445 tantis
938 1403 1092 1444 vestris
1130 1403 1175 1442 in
1216 1417 1283 1443 me
1321 1403 1486 1444 meritis
1531 1403 1717 1458 gratiam

157 1461 357 1514 referam,
396 1463 431 1502 si
462 1476 575 1502 nunc
608 1462 859 1503 cessavero?
906 1465 979 1503 aut
1015 1462 1090 1503 ubi
1122 1476 1223 1502 usus
1263 1461 1346 1502 erit
1381 1462 1465 1502 mei
1501 1462 1643 1516 vobis,
1681 1463 1718 1504 si

158 1521 202 1560 in
232 1520 346 1561 bello
379 1535 467 1562 non
499 1520 656 1561 fuerit?
688 1521 768 1562 hac
796 1524 887 1563 arte
919 1522 963 1562 in
994 1520 1137 1574 patria
1169 1521 1281 1574 steti,
1313 1523 1355 1561 et
1385 1520 1571 1562 invictus
1603 1521 1716 1563 bello

110 1610 118 1619 .
158 1579 202 1619 in
227 1593 331 1633 pace
359 1579 411 1620 ab
438 1579 619 1634 ingratis
646 1579 810 1621 civibus
838 1580 985 1634 pulsus
1013 1594 1117 1620 sum.
1162 1579 1283 1620 vobis
1310 1582 1464 1632 autem,
1497 1579 1717 1633 Ardeates,

207 1683 423 1718 immemores
442 1686 474 1717 et
497 1711 527 1718 ..
546 1711 553 1718 .
580 1683 627 1729 et]
656 1683 723 1717 Die
744 1683 898 1719 Periode

158 1730 206 1765 ist
250 1730 354 1764 nicht
392 1730 531 1774 richtig
573 1732 730 1775 gebaut,
773 1731 899 1765 indem

158 1779 376 1812 immemores
406 1777 512 1811 nicht
543 1777 614 1811 mit
639 1790 720 1811 zum
746 1778 900 1813 zweiten

158 1823 262 1858 Teile
282 1824 425 1868 gehort.
453 1824 527 1859 Der
547 1824 678 1859 zweite
691 1825 771 1860 Teii
792 1825 899 1860 sollte

156 1872 446 1916 untergeordnet
473 1872 560 1906 sein.

204 1929 400 1975 incendiis]
427 1930 539 1972 Plur.,
567 1929 652 1964 weil
679 1930 738 1965 die
765 1931 898 1966 einzel-

156 1988 228 2011 nen
273 1976 470 2011 Stadtteile
519 1989 564 2011 zu
609 1978 900 2012 verschiedenen

156 2023 280 2058 Malen
305 2024 618 2068 niedergebrannt
644 2025 806 2060 wurden.

207 2087 237 2116 6.
265 2083 314 2116 ad
339 2082 544 2117 Romanam
570 2083 658 2128 etc]
696 2082 806 2118 Diese
833 2084 898 2118 Be-

159 2128 362 2172 stimmung
388 2128 523 2173 geho'rt
547 2141 591 2163 zu
617 2131 734 2164 duxit.

208 2191 237 2222 7.
265 2188 323 2222 dis
432 2188 665 2233 accusandis]
694 2188 776 2223 Abl.
799 2189 900 2223 modi

159 2234 338 2279 (‘unter’.
384 2239 422 2278 3,
450 2239 511 2278 65,
544 2238 598 2279 4),
637 2235 773 2269 ebenso
800 2237 900 2271 indi-

156 2282 315 2326 qnando.

205 2328 410 2374 senesceret]
421 2328 475 2363 oft
483 2329 801 2372 metaphorischer
810 2331 899 2363 Aus-

158 2375 290 2409 druck:
317 2375 354 2409 in
371 2375 510 2410 Trauer
523 2376 599 2410 und
614 2376 788 2410 Verdruss
806 2376 900 2411 ‘sich

159 2422 382 2456 aufzehren'.

207 2474 238 2504 8.
278 2469 415 2515 suetus]
454 2481 522 2503 nur
552 2468 633 2503 hier
664 2469 724 2503 bei
756 2470 900 2511 Livius;

160 2517 263 2551 sonst
300 2523 482 2558 assuetus,
518 2516 674 2550 dreimal
711 2515 781 2550 mit
817 2518 901 2551 dem

158 2563 226 2598 Inf.
252 2564 351 2598 vinci
381 2565 427 2607 (2,
455 2567 488 2607 6,
519 2568 576 2605 11;
612 2568 664 2605 10,
692 2567 723 2607 6,
752 2568 812 2605 11;
844 2568 901 2606 23,

207 2657 387 2702 conciliis]
434 2657 517 2702 Vgl.
544 2658 638 2702 Kap.
668 2662 721 2701 17,
749 2662 780 2692 6.

206 2715 267 2750 44.
297 2719 327 2750 1.
354 2717 501 2760 quando
524 2721 556 2751 et
665 2717 713 2762 et]
741 2716 899 2758 Grfinde,

161 2773 300 2797 warum
346 2764 398 2797 sie
442 2763 543 2797 seine
585 2763 794 2808 Mitbfirger
837 2775 899 2808 ge-

161 2809 310 2843 worden
343 2810 441 2853 sind,
476 2810 686 2854 Erklarung
717 2822 762 2844 zu
793 2812 901 2845 etiam

159 2866 250 2890 cwes
276 2867 352 2891 met.

1021 1682 1244 1728 beneficium]
1272 1682 1379 1717 darin
1398 1683 1614 1726 bestehend,
1636 1683 1717 1718 dass

974 1730 1027 1764 sie
1052 1729 1131 1763 ihm
1156 1729 1195 1763 in
1215 1730 1315 1764 ini-er
1335 1729 1444 1765 Stadt
1464 1731 1523 1765 ein
1543 1730 1636 1776 Asyl
1655 1741 1717 1775 ge-

972 1777 1152 1811 wahrten.

1020 1824 1100 1869 hoc]
1138 1824 1249 1858 naml.
1277 1823 1357 1858 dass
1389 1836 1428 1859 er
1459 1824 1513 1859 als
1547 1824 1606 1859 ihr
1631 1824 1718 1860 Mit-

972 1871 1109 1915 biirger
1135 1872 1421 1915 aufgenommen
1446 1871 1583 1906 wurde.

1020 1919 1244 1953 condicionis
1274 1919 1384 1964 meae]
1425 1918 1460 1953 d.
1493 1919 1528 1953 h.
1561 1918 1642 1953 dass
1675 1929 1714 1953 es

971 1964 1043 2000 mir
1069 1965 1123 2000 als
1149 1965 1270 2000 einem
1295 1976 1367 2000 neu
1386 1966 1718 2010 ausgenommenen

971 2013 1112 2056 Bsirger
1130 2013 1234 2046 nicht
1252 2013 1424 2057 geziemt,
1444 2014 1482 2046 in
1502 2023 1609 2047 enter
1628 2013 1718 2047 Ver-

972 2060 1182 2103 sammlung
1201 2060 1255 2094 als
1269 2060 1457 2103 Ratgeber
1475 2058 1716 2095 aufzutreten.

1014 2105 1212 2151 praesidii]
1242 2123 1284 2134 =
1311 2107 1458 2141 auxilii.

1019 2155 1061 2187 z‘n
1085 2153 1241 2187 medium
1267 2153 1443 2199 conferre]
1482 2153 1534 2187 ‘in
1567 2153 1626 2188 die
1653 2145 1717 2188 Of-

972 2199 1211 2234 fentlichkeit
1247 2199 1420 2243 bringeri,
1456 2200 1521 2235 der
1547 2199 1715 2235 Gesamt-

975 2246 1054 2280 heit
1096 2245 1356 2291 darbringen’.
1421 2251 1461 2290 3,
1499 2250 1560 2290 34,
1598 2251 1640 2291 4;
1684 2253 1716 2291 6,

975 2298 1006 2336 6,
1036 2297 1089 2328 18.

1022 2344 1053 2375 2.
1086 2341 1128 2374 in
1152 2341 1220 2386 me]
1259 2340 1332 2374 Das
1359 2340 1576 2376 Substantiv
1609 2342 1715 2376 meri·

973 2391 1050 2422 tum
1084 2387 1176 2421 wird
1213 2388 1307 2421 auch
1339 2387 1402 2422 bei
1436 2387 1564 2423 Cicero
1598 2388 1715 2432 regel—

973 2433 1109 2478 massig
1143 2433 1213 2468 mit
1244 2435 1286 2468 in
1317 2445 1346 2470 e.
1373 2435 1460 2470 Aac.
1491 2436 1716 2479 verbunden,

975 2482 1041 2515 das
1069 2481 1231 2515 Verbum
1256 2492 1390 2516 mereor
1415 2482 1503 2516 aber
1527 2483 1673 2517 mit'de.

1021 2528 1125 2573 usus]
1172 2528 1448 2572 Verwendung,
1481 2529 1642 2564 Nutzen:
1684 2533 1715 2573 1,

975 2578 1032 2618 56,
1059 2579 1079 2609 3
1114 2575 1200 2609 urbi
1224 2576 1509 2617 multitudinem,
1539 2577 1605 2610 ubi
1628 2586 1716 2611 usus

974 2621 1068 2665 (scil.
1096 2622 1187 2665 eius)
1213 2632 1287 2655 non
1312 2626 1409 2664 esset,
1443 2623 1544 2657 oneri
1567 2623 1716 2657 rebatur

975 2679 1061 2710 esse;
1097 2672 1129 2710 3,
1157 2671 1212 2709 51.
1241 2672 1261 2702 5
1287 2669 1320 2702 si
1344 2670 1425 2713 quis
1449 2679 1537 2704 usus
1561 2670 1629 2704 mei
1653 2672 1713 2704 est.

1020 2716 1087 2749 Ιιασ
1113 2714 1206 2760 arte]
1234 2731 1278 2743 =
1305 2716 1430 2750 bellica
1456 2719 1543 2750 arte.

1019 2761 1116 2807 steti]
1145 2761 1178 2796 d.
1199 2761 1234 2796 h.
1262 2761 1357 2796 habe
1382 2762 1442 2796 ich
1462 2762 1544 2798 eine
1564 2763 1714 2798 hervor-

971 2808 1132 2853 ragende
1141 2807 1312 2852 Stellung
1324 2808 1616 2853 eingenommen.
1628 2809 1712 2855 Vgl.

971 2867 1099 2891 tacere.

1785 353 1794 426 ean-,4
