1794 3084
74 116 100 135 a.
115 107 163 134 Ch.
179 116 208 135 11.
224 109 286 134 377.

629 97 773 132 LIBER
798 96 859 133 VI.
905 96 1008 133 CAP.
1036 100 1091 132 34.
1585 95 1637 136 71

190 205 254 248 Ne
287 206 330 247 id
363 206 491 247 nimis
524 206 686 247 laetum
718 205 832 260 parti
866 205 989 246 alteri
1023 210 1152 258 esset,
1185 219 1336 259 parva,
1375 206 1422 245 ut
1454 204 1635 258 plerum-

75 279 156 320 que
189 265 312 318 solet,
351 279 440 306 rem
473 266 695 320 ingentem
729 265 937 307 moliundi
978 278 1107 306 causa
1137 263 1406 305 intervenit.‘

1444 262 1500 303 M.
1528 256 1639 304 Fabi

73 298 312 379 Ambusti,
339 300 547 378 potenti?
570 324 647 365 viri
687 337 781 365 cum
819 324 930 365 inter
970 324 1034 364 sui
1076 322 1267 377 corporis
1314 322 1509 364 homines
1548 323 1641 363 tum

75 384 202 425 etiam
235 383 289 424 ad
321 383 510 437 plebem,
542 382 655 437 quod
687 382 1020 437 haudquaquam
1052 382 1164 423 inter
1192 381 1233 422 id
1261 395 1395 435 genus
1423 384 1639 435 contemp-

73 444 142 484 tor
181 443 270 484 eius
316 442 575 495 habebatur,

634 441 749 482 filiae
787 442 895 483 duae
933 444 1094 495 nuptae
1146 440 1233 482 Ser.
1266 439 1456 495 Sulpicio
1490 440 1641 493 maior,

72 501 213 542 minor
239 499 285 542 C.
305 500 469 542 Licinio
498 499 667 542 Stoloni
702 503 812 554 erat,
844 500 1002 541 illustri
1036 500 1206 555 quidem
1239 500 1350 553 viro,
1383 501 1526 541 tamen
1554 500 1641 554 ple-

73 560 189 614 bei03
235 574 368 614 eaque
400 559 494 614 ipsa
527 559 715 601 affinitas
751 559 866 600 haud
900 562 1046 613 spreta
1079 560 1265 613 gratiam
1299 558 1433 600 Fabio
1468 558 1521 600 ad
1555 559 1641 600 vul-

74 633 176 675 gum
209 618 460 674 quaesierat.

529 617 641 660 forte
675 619 737 659 ita
774 618 941 672 incidit,
986 621 1034 659 ut
1072 619 1116 659 in
1149 617 1238 660 Ser.
1272 617 1435 671 Sulpici
1474 617 1639 659 tribuni
1667 629 1687 660 6

72 678 261 720 militum
290 677 415 720 domo
444 691 612 719 sorores
634 676 793 719 Fabiae
826 691 922 718 cum
954 677 1066 718 inter
1097 692 1157 731 se,
1191 680 1239 718 ut
1271 677 1338 730 fit,
1372 677 1640 718 sermonibus

72 740 242 791 tempus
274 739 484 790 tererent,
517 737 642 778 lictor
674 734 854 791 Sulpici,
887 751 984 778 cum
1016 736 1052 777 is
1087 735 1136 777 de
1170 736 1263 777 foro
1295 750 1339 777 se
1372 736 1545 777 domum
1579 750 1640 777 re-

71 796 250 850 ciperet,
282 795 435 848 forem,
468 798 516 837 ut
542 810 635 837 mos
662 799 743 850 est,
770 796 894 850 virga
921 798 1174 850 percuteret.
1221 809 1316 836 cum
1343 795 1396 836 ad
1423 794 1483 848 id,
1510 795 1641 836 moris

76 856 165 897 eius
197 855 384 909 insueta,
418 855 661 909 expavisset
687 855 827 896 minor
847 854 999 909 Fabia,
1031 854 1137 896 risui
1171 854 1310 896 sorori
1337 854 1435 907 fuit,
1469 854 1642 895 miranti

75 915 276 969 ignorare
308 914 351 955 id
386 928 588 955 sororem.
646 917 833 955 ceterum
865 915 900 955 is
933 914 1044 955 risus
1079 913 1277 955 stimulos
1310 914 1458 968 parvis
1493 913 1642 954 mobili
1670 924 1688 955 7

74 973 202 1015 rebus
235 973 378 1015 animo
413 973 615 1014 muliebri
648 973 849 1015 subdidit.
907 972 1148 1028 frequentia
1182 986 1350 1027 quoque
1383 986 1644 1027 prosequen-

72 1033 181 1074 tium
213 1033 568 1099 rogantiumque,
601 1047 704 1073 num
737 1032 838 1087 quid
870 1033 1015 1086 vellet,
1049 1031 1174 1073 credo
1202 1031 1470 1073 fortunatum
1496 1031 1643 1073 matri-

73 1092 267 1134 monium
301 1092 340 1133 ei
373 1092 534 1133 sororis
568 1091 708 1133 visum
741 1092 891 1146 suique
924 1092 1064 1145 ipsam
1103 1091 1217 1132 malo
1258 1091 1456 1144 arbitrio,
1502 1105 1585 1145 quo
1619 1105 1643 1131 a

74 1151 282 1206 proximis
315 1152 493 1205 quisque
531 1151 706 1192 minime
745 1151 898 1192 anteiri
931 1151 1041 1204 vult,
1080 1150 1355 1204 paenituisse.

1419 1150 1643 1191 confusam
1670 1161 1690 1193 8

75 1225 169 1251 eam
203 1225 253 1251 ex
291 1211 454 1251 recenti
492 1224 636 1251 morsu
677 1210 809 1251 animi
849 1224 945 1251 cum
985 1212 1110 1264 pater
1152 1208 1264 1250 forte
1310 1208 1504 1259 vidisset,
1549 1223 1644 1262 per-

74 1272 302 1311 cunctatus
337 1268 467 1310 esatin
500 1267 688 1310 salvae?’

748 1271 1013 1311 avertentem
1056 1283 1230 1310 causam
1269 1267 1447 1318 doloris,
1486 1268 1644 1322 quippe

72 1342 152 1370 nec
184 1329 290 1370 satis
317 1329 434 1383 piam
460 1328 664 1370 adversus
693 1342 884 1370 sororem
910 1342 988 1369 nec
1015 1327 1245 1369 admodum
1276 1327 1322 1368 in
1341 1327 1483 1368 virum
1509 1327 1644 1369 hono-

73 1408 204 1454 genul's
231 1409 294 1444 des
321 1408 696 1444 Konsulartribunats
722 1409 821 1444 wah-

72 1456 164 1492 rend
191 1457 355 1502 weniger
378 1455 491 1491 Jahre
517 1457 701 1492 besessen.

122 1504 215 1548 Kap
220 1502 353 1549 .,534
363 1503 480 1539 -.35
531 1502 610 1538 Die
648 1502 819 1538 Licini-

74 1551 211 1586 schen
260 1550 550 1596 Rogationen
606 1551 692 1585 und
750 1551 822 1586 die

73 1598 365 1644 funfjiihrige
441 1598 824 1645 Unterbrechung

74 1646 151 1681 der
174 1645 476 1681 kurulischen
502 1646 656 1680 Amter
682 1646 823 1691 (376—

74 1697 141 1728 371
171 1705 202 1728 v,
225 1693 350 1737 Chr..)

123 1744 155 1775 5.
180 1740 283 1785 solet]
312 1758 356 1769 =
381 1741 462 1783 fleri
492 1741 579 1775 solet
616 1740 701 1784 (wic
735 1739 823 1775 Sall.

75 1787 154 1823 Cat.
182 1791 238 1830 29,
260 1791 280 1821 2
307 1800 341 1823 u.
369 1792 426 1831 30,
447 1791 485 1830 23
511 1787 595 1832 Jug.
619 1790 673 1830 15,
696 1789 743 1832 3).

124 1835 181 1870 Μ.
205 1835 321 1881 Fabi]
348 1835 434 1880 Vgl.
462 1835 554 1880 Kap.
576 1838 632 1877 22,
654 1839 686 1870 5.

121 1883 183 1918 sui
201 1884 378 1927 corporis]
396 1883 532 1918 ‘seiner
546 1881 824 1927 Kerperschaft,

77 1929 198 1965 6611166
225 1929 413 1966 Standes’.
473 1934 503 1972 1,
526 1933 580 1973 17,
602 1933 640 1973 23
676 1932 711 1972 4,
733 1933 764 1973 9,
786 1933 824 1972 43

75 1980 132 2021 26,
151 1980 209 2020 48,
231 1981 262 2013 6.

122 2025 218 2070 quod
326 2024 543 2070 habebatur]
558 2023 822 2069 Begrsindung,

76 2082 215 2107 warum
250 2072 386 2107 Fabius
419 2071 479 2107 bei
513 2072 578 2106 der
602 2071 714 2106 Plebs
748 2070 824 2106 ein-

75 2118 264 2154 flul'sreich
289 2130 376 2154 war.

123 2168 220 2202 inter
238 2167 279 2202 id
294 2166 424 2213 yenus]
442 2166 518 2201 ‘bei
532 2166 652 2201 dieser
663 2166 823 2208 Klasse’,

76 2213 189 2249 naml.
217 2214 281 2249 der
300 2214 421 2249 Plebs.
455 2214 538 2259 Vgl.
557 2218 708 2258 22,34,2
724 2224 826 2258 quem

76 2261 136 2296 sui
165 2262 307 2307 yeneris
338 2262 515 2297 hominem
540 2262 670 2306 vulqus
704 2264 824 2296 eaetra-

77 2308 156 2344 here
181 2309 230 2344 ad
255 2309 482 2345 consulatum
507 2309 703 2344 nitebatur.

123 2356 287 2402 vulyum]
315 2355 444 2391 Dieser
457 2357 588 2390 Aecus.
611 2355 726 2390 findet
745 2354 825 2389 sich

79 2403 255 2438 zuweilen
276 2404 369 2438 statt
382 2404 512 2448 vulqus
531 2404 602 2446 (24,
624 2406 681 2446 32,
705 2406 740 2444 1ς
767 2405 824 2445 29,

79 2453 135 2494 22,
155 2453 187 2486 8.
233 2449 333 2485 Caes.
355 2455 388 2494 e,
411 2454 465 2493 14,
486 2454 532 2492 4).

124 2498 344 2544 quaesierat]
371 2515 415 2526 =
443 2498 711 2533 conciliat-erat.

127 2547 159 2580 6.
183 2555 321 2580 sorores
335 2545 479 2580 Fabiae
499 2546 595 2590 cum]
613 2543 668 2578 Da
687 2554 827 2579 sorores

80 2591 182 2626 nicht
198 2591 355 2638 Subjekt
381 2592 445 2627 des
466 2591 592 2627 Satzes
615 2592 685 2625 mit
706 2594 745 2625 ut
764 2591 825 2635 ist,

81 2638 190 2674 sollte
215 2650 295 2674 cum
321 2639 444 2685 gleich
471 2640 566 2674 nach
590 2642 631 2674 ut
658 2639 801 2673 stchen

127 2686 176 2721 ad
199 2686 254 2732 id]
279 2686 409 2721 darul
401 2687 467 2721 61
510 2685 568 2731 Vg
571 2686 594 2722 1.
617 2686 708 2731 Kap.
727 2689 779 2728 15,
794 2689 824 2720 7.

128 2733 298 2777 ί9ηονα1·6
317 2734 388 2816 11ῐῖ1
398 2699 685 2778 Ubertrgibung.
708 2732 828 2768 Wenn

83 2777 135 2814 sie
161 2780 257 2815 auch
283 2792 361 2816 erse
391 2781 496 2824 rack,
532 2792 572 2816 so
605 2780 741 2815 musste
775 2780 828 2814 sie

84 2825 307 2870 gleichwohl
333 2827 434 2864 diese
462 2809 556 2863 Sitte
590 2828 715 2872 litngst
741 2827 828 2862 ken-

83 2882 167 2918 nen,
192 2874 241 2909 da.
265 2873 325 2909 ihr
343 2875 459 2911 Vater
484 2885 552 2910 vor
577 2875 667 2919 fiinf,
695 2875 830 2909 dessen

895 1409 1013 1444 Vater
1029 1408 1142 1443 Caeso
1163 1409 1259 1443 samt
1279 1407 1369 1442 zwei
1390 1407 1558 1442 Bru'dern
1578 1418 1645 1442 vor

894 1456 1070 1491 ffinfzehn
1090 1455 1229 1491 Jahren
1255 1455 1321 1490 das
1341 1455 1643 1490 Konsulartribu-

895 1505 961 1538 nat
986 1503 1178 1538 bekleidet
1202 1503 1318 1537 hatte.

946 1555 975 1586 7.
990 1550 1170 1596 stimulos]
1182 1550 1220 1584 in
1235 1550 1521 1594 sibertragenem
1532 1548 1644 1585 Sinne

895 1598 1008 1633 meist
1033 1597 1171 1632 Plural.
1218 1597 1302 1642 Vgl.
1330 1598 1396 1632 Ov.
1424 1597 1536 1631 Trist.
1564 1600 1644 1641 5,1,

898 1650 942 1681 76
973 1646 1121 1691 inyem'o
1157 1645 1322 1680 stimulos
1355 1645 1507 1679 subdere
1543 1645 1643 1686 fama

896 1693 998 1735 solet3
1027 1692 1108 1727 Sen.
1126 1692 1257 1737 Agam.
1278 1695 1344 1726 133
1370 1692 1507 1726 miaetus
1527 1692 1646 1727 dolori

896 1740 1061 1775 subdidit
1086 1740 1250 1774 stimulos
1276 1740 1393 1774 timor.

943 1787 1164 1832 frequentia]
1194 1786 1321 1821 Grund
1348 1786 1413 1820 der
1423 1785 1646 1830 Eifersucht,

897 1834 1039 1869 welche
1078 1834 1156 1869 sich
1187 1832 1227 1868 in
1265 1833 1349 1868 dem
1381 1833 1646 1869 leidenschaft-

898 1882 1022 1917 lichen
1049 1880 1206 1916 Gemfite
1241 1881 1305 1915 der
1326 1881 1511 1926 jungeren
1531 1881 1648 1916 Fabia

898 1928 969 1964 mit
999 1929 1064 1963 der
1089 1928 1296 1972 Krankung
1333 1927 1434 1962 ihrer
1465 1928 1648 1963 Eitelkeit

895 1975 1071 2012 verband.

895 2023 1272 2107 bessgssleffufissbssfft
1304 2022 1648 2106 ῑὲοῖιῗζοιῖῗέᾱέἳοῗ

898 2119 970 2153 11161
1006 2129 1095 2153 num
1120 2118 1210 2162 quid
1241 2118 1296 2152 vis
1327 2117 1444 2152 findet
1482 2117 1559 2152 sich
1592 2118 1648 2152 oft

898 2165 959 2200 bei
985 2165 1139 2200 Plautus
1165 2165 1241 2199 und
1267 2164 1416 2200 Terenz.

945 2213 1040 2248 malo
1073 2212 1243 2258 arbitrio]
1285 2212 1401 2247 durch
1441 2212 1523 2246 eine
1560 2212 1647 2248 bose

897 2259 1148 2305 Anmassung,
1174 2259 1373 2295 verkehrte
1399 2259 1567 2294 Ansicht.

946 2311 976 2343 8.
993 2307 1199 2353 confusam]
1210 2307 1404 2350 ‘verwirrt,
1420 2306 1643 2342 verstimmt’

898 2354 1035 2400 (ausser
1060 2353 1240 2399 Farsung;
1267 2354 1343 2399 vgl.
1369 2353 1463 2398 Kap.
1486 2358 1517 2396 6,
1541 2355 1589 2399 7).

947 2413 1069 2437 morsu
1095 2402 1233 2446 animi]
1272 2401 1647 2446 Herzenskriinkung,

898 2449 1076 2484 Kummer
1100 2449 1190 2494 (vgl.
1213 2447 1582 2492 ‘Gewissensbisse’).

945 2498 1045 2532 satin
1069 2496 1207 2542 salvae]
1228 2496 1330 2531 steht
1348 2495 1439 2530 alles
1460 2497 1551 2538 gut?
1577 2495 1647 2530 wie

899 2544 991 2589 geht
1008 2548 1072 2579 es?
1100 2561 1143 2572 =
1164 2544 1300 2578 satisne
1317 2544 1440 2578 salvae
1459 2546 1544 2577 sunt
1565 2542 1648 2578 res?

899 2592 983 2626 eine
1008 2590 1157 2635 haufige
1183 2588 1573 2635 Begrfissungsformel
1601 2591 1648 2634 (1,

900 2641 1010 2681 58‚7;
1037 2643 1069 2680 3,
1091 2641 1146 2680 26,
1169 2641 1205 2679 93
1238 2640 1444 2680 10,18,11;
1472 2640 1528 2679 40,
1552 2639 1584 2680 8,
1600 2639 1647 2681 2).

949 2685 1184 2730 avertentem]
1225 2684 1279 2718 als
1320 2683 1372 2718 sie
1412 2685 1483 2718 den
1522 2682 1649 2718 Grund

900 2732 1001 2767 ihrer
1014 2730 1347 2776 Empfindlichkeit
1360 2743 1403 2765 zu
1418 2731 1649 2765 unterschla-

901 2791 974 2824 gen
1006 2779 1096 2824 (vgl.
1123 2778 1216 2823 Kap.
1241 2782 1294 2822 14,
1319 2781 1386 2821 11),
1425 2790 1469 2812 zu
1502 2777 1649 2814 verber-

903 2837 975 2871 gen
1002 2826 1142 2861 suchte.

945 2873 1066 2918 piam]
1094 2872 1282 2908 liebevoll.
