1794 3084
79 352 120 382 10

76 1000 116 1029 13

75 1352 117 1383 15

160 115 216 156 54

693 110 839 146 LIBER
866 109 961 145 VIII.
1008 109 1111 146 CAP.
1138 114 1193 146 23.

1521 127 1546 146 a.
1566 128 1593 146 u.
1613 127 1637 146 c.
1656 119 1717 148 42⁷.

154 222 267 263 inter
294 218 485 275 Capuam
512 218 843 272 Suessulamque
871 220 1010 259 castra
1037 218 1190 259 castris
1219 218 1491 261 conferamus
1519 221 1573 274 et,
1600 217 1719 262 Sam-

156 281 224 322 nis
258 279 530 321 Romanusne
564 277 745 331 imperio
779 276 952 318 Italiam
984 280 1119 332 regat,
1153 276 1460 320 decernamus'.

266 339 418 392 Legati
445 338 748 390 Romanorum,
783 350 879 377 cum
912 350 956 377 se
981 350 1081 389 non,
1115 350 1198 390 quo
1227 336 1366 378 hostis
1396 339 1604 391 vocasset,
1642 337 1716 379 sed

149 412 231 452 quo
264 398 543 450 imperatores
577 396 641 437 sui
675 394 914 448 duxissent,
954 394 1092 436 ituros
1133 409 1226 436 esse
1269 396 1616 451 respondissent,
1646 397 1714 438 do·

151 471 265 498 mum
296 457 466 497 rediere.

265 514 356 556 Iam
390 514 599 555 Publilius
632 513 744 554 inter
776 511 1045 566 Palaepolim
1072 511 1390 567 Neapolimque
1434 513 1528 556 loco
1561 527 1714 568 oppor-

147 577 246 615 tune
280 576 406 627 capto
440 573 669 614 diremerat
701 571 899 612 hostibus
933 572 1187 613 societatem
1232 572 1381 613 auxilii
1420 573 1578 627 mutui,
1616 587 1712 627 qua,

78 646 117 676 11
146 636 193 674 ut
225 633 402 687 quisque
435 632 552 673 locus
585 632 863 685 premeretur,
896 630 1009 672 inter
1036 645 1080 672 se
1107 631 1173 672 usi
1201 631 1382 672 fuerant.
1435 631 1586 686 itaque
1614 645 1711 673 cum

146 695 188 732 et
221 691 494 733 comitiorum
527 690 615 731 dies
648 690 832 731 instaret
861 691 903 730 et
928 689 1162 731 Publilium
1196 690 1493 732 imminentem
1519 691 1711 732 hostium

146 751 277 792 muris
312 750 481 792 avocari
524 750 576 790 ab
616 763 690 802 spe
733 748 963 802 capiendae
1002 749 1046 790 in
1085 749 1173 791 dies
1206 750 1324 791 urbis
1358 749 1472 791 haud
1505 764 1526 791 e
1558 764 1604 791 re
1634 764 1710 805 pu-

82 823 124 853 12
150 809 263 851 blica
297 811 429 862 esset,
469 812 611 850 actum
645 822 740 849 cum
771 807 957 848 tribunis
991 811 1072 863 est,
1112 808 1165 849 ad
1203 809 1409 863 populum
1442 808 1619 864 ferrent,
1650 811 1709 863 ut,

151 883 246 910 cum
280 867 325 917 Q.
359 867 571 910 Publilius
614 867 739 908 Philo
786 867 1010 908 consulatu
1056 867 1237 921 abisset,
1282 882 1358 922 pro
1404 868 1580 910 consule
1621 882 1712 909 rem

147 931 326 982 gereret,
361 927 501 981 quoad
535 926 802 967 debellatum
836 939 930 966 cum
959 924 1132 967 Graecis
1166 929 1292 969 esset.

264 986 308 1027 L.
336 985 550 1039 Cornelio,
583 985 682 1040 quia
708 999 760 1026 ne
788 999 883 1025 eum
912 984 1083 1038 quidem
1111 985 1155 1025 in
1183 984 1404 1027 Samnium
1432 986 1519 1027 iam
1545 985 1708 1040 ingres-

145 1060 239 1086 sum
266 1046 457 1087 revocari
480 1046 531 1087 ab
552 1044 718 1098 impetu
752 1043 855 1084 belli
874 1044 1086 1098 placebat,
1112 1044 1286 1086 litterae
1313 1045 1484 1095 missae,
1511 1046 1559 1086 ut
1585 1044 1717 1086 dicta-

74 1118 116 1147 14
142 1108 280 1145 torem
307 1105 578 1146 comitiorum
606 1118 733 1144 causa
759 1102 930 1144 diceret.
977 1103 1085 1144 dixit
1110 1102 1165 1144 M.
1187 1101 1420 1145 Claudium
1441 1103 1714 1158 Marcellum,

143 1164 197 1204 ab
231 1178 280 1205 eo
313 1164 520 1218 magister
554 1162 746 1217 equitum
780 1161 917 1202 dictus
951 1160 1022 1215 Sp.
1048 1161 1309 1204 Postumius.
1365 1177 1444 1205 nec
1476 1166 1624 1204 tamen
1657 1162 1712 1204 ab

143 1222 350 1264 dictatore
384 1222 557 1263 comitia
590 1225 690 1262 sunt
724 1220 892 1274 habita,
933 1222 1049 1275 quia,
1092 1221 1254 1263 vitione
1296 1224 1467 1264 creatus
1502 1223 1639 1276 esset,
1670 1221 1717 1263 in

143 1281 488 1334 disquisitionem
520 1280 648 1321 venit.
705 1279 889 1321 consulti
929 1294 1113 1334 augures
1152 1281 1356 1322 vitiosum
1402 1280 1537 1322 videri
1587 1280 1716 1322 dicta·

143 1342 282 1381 torem
315 1340 712 1393 pronuntiaverunt.
765 1352 859 1379 eam
886 1353 975 1379 rem
1008 1339 1170 1380 tribuni
1205 1344 1452 1394 suspectam
1486 1339 1713 1381 infamem-

144 1413 223 1452 que
257 1398 522 1440 criminando
562 1398 771 1439 fecerunt:
816 1411 918 1437 nam
956 1411 1091 1452 neque
1133 1398 1257 1440 facile
1298 1398 1435 1440 fuisse
1475 1399 1518 1440 id
1557 1398 1711 1440 vitium

143 1458 282 1511 nosci,
315 1472 409 1499 cum
443 1458 589 1499 consul
622 1457 762 1498 oriens
796 1456 846 1496 de
878 1458 1003 1497 nocte
1036 1457 1207 1499 silentio
1241 1457 1401 1499 diceret
1438 1457 1709 1512 dictatorem,

143 1530 279 1571 neque
313 1517 366 1558 ab
400 1516 575 1558 consule
608 1516 807 1569 cuiquam
839 1514 1009 1568 publice
1041 1515 1298 1569 privatimve
1332 1516 1382 1558 de
1415 1531 1465 1558 ea
1498 1531 1543 1558 re
1576 1517 1709 1571 scrip-

192 1677 223 1708 9.
251 1678 371 1709 castra
397 1674 526 1709 castris
549 1674 722 1716 conferre,
751 1672 886 1715 ‘Lager

144 1731 265 1765 gegen
311 1721 430 1765 Lager
474 1720 753 1764 aufschlaszen’,
804 1719 885 1754 eine

143 1768 291 1811 haufige
318 1768 527 1803 Redensart
560 1769 619 1802 bei
645 1768 735 1808 Cic,
771 1767 884 1809 Caes,

144 1815 222 1849 LiV.
250 1814 301 1861 (49
323 1819 379 1857 27,
400 1820 437 1858 ὃς
467 1815 529 1860 10,
551 1819 607 1859 32,
623 1819 660 1857 ὃς
689 1814 753 1860 239
775 1817 830 1858 28,
847 1817 884 1856 9;

144 1861 207 1906 27,
231 1866 284 1904 12,
307 1866 326 1896 9
354 1863 427 1896 und
455 1866 510 1905 27,
534 1867 569 1905 13
597 1861 660 1907 44,
681 1864 737 1903 20,
759 1863 806 1905 3).

193 1918 245 1950 10.
272 1916 471 1950 societatem
491 1916 628 1950 auxilii
647 1915 780 1959 mutui]
810 1913 885 1948 ‘die

144 1960 398 2007 Vereinigung
407 1975 449 1996 zu
461 1961 739 2007 gegenseitiger
748 1961 888 2004 Hiilfe’,

143 2007 285 2043 welche
309 2009 520 2054 Palaepolis
547 2009 623 2043 und
644 2009 786 2053 Neapel
813 2009 888 2043 bis-

143 2055 210 2088 her
236 2057 342 2089 unter
369 2057 446 2090 sich
479 2057 718 2091 unterhalten
744 2056 886 2090 hatten.

185 2109 423 2153 premeretur]
470 2108 736 2143 Coniunctivus
775 2107 887 2142 itera-

143 2155 244 2189 tivus
271 2155 379 2199 (Kap.
408 2159 439 2198 8,
461 2157 510 2199 9).

194 2211 246 2242 11.
262 2209 303 2242 in
317 2208 406 2253 dies]
425 2209 512 2242 ‘von
523 2208 664 2242 Stunde
679 2220 721 2242 zu
733 2207 885 2251 Stunde,

144 2265 217 2289 von
239 2254 358 2289 einem
380 2255 461 2299 Tag
481 2267 561 2289 zum
583 2255 753 2298 andern’‚
780 2256 887 2290 fiber-

144 2300 356 2336 treibender
393 2301 600 2345 Ausdruck,
640 2303 687 2337 da
726 2303 784 2337 die
819 2303 887 2337 Be-

146 2347 326 2394 lagerung
364 2350 460 2384 noch
498 2348 649 2394 langere
681 2349 760 2384 Zeit
797 2349 886 2384 fort-

146 2395 308 2430 dauerte.

192 2459 209 2483 e
234 2460 272 2484 re
291 2449 461 2495 publica]
490 2448 573 2494 Vgl.
601 2449 694 2493 Kap.
721 2453 754 2492 4,
777 2453 830 2485 12.

196 2504 248 2535 12.
273 2513 342 2546 pro
368 2503 527 2548 consule]
558 2503 627 2536 mit
662 2502 725 2536 der
751 2502 887 2536 milita-

145 2547 292 2583 rischen
325 2549 399 2583 und
435 2548 697 2584 richterlichen
731 2549 886 2592 Gemit,

145 2594 286 2630 welche
322 2607 360 2630 er
398 2596 571 2631 wahrend
611 2597 730 2631 seines
763 2595 886 2630 Amts-

142 2641 268 2686 jahres
308 2641 423 2677 hatte.
486 2643 670 2677 Publilius
710 2654 784 2677 war
823 2643 887 2677 der

147 2689 255 2732 erate,
282 2689 461 2723 welchem
487 2690 551 2724 das
578 2690 778 2734 Imperium
805 2701 886 2725 ver-

145 2735 294 2780 langert
329 2737 470 2780 wurde,
511 2738 599 2771 aber
633 2748 702 2770 nur
733 2737 792 2770 fiir
818 2737 890 2771 den

146 2781 224 2815 ihm
269 2783 551 2827 angewiesenen
593 2783 887 2818 Geschaftskreis

148 2827 359 2864 ausserhalb
379 2829 504 2865 Roms.
548 2830 653 2865 Doch
678 2841 754 2864 war
775 2831 889 2865 sehon

149 2877 218 2908 464
232 2886 265 2910 v.
282 2876 363 2911 Chr.
384 2877 444 2911 ein
470 2877 730 2922 abgetreteuer
750 2877 889 2913 Konsul

958 1671 1028 1707 mit
1063 1671 1183 1706 einem
1215 1672 1415 1717 Imperium
1456 1683 1525 1717 pro
1561 1673 1706 1709 consule

959 1721 1195 1764 ausgerfistet
1220 1720 1366 1755 worden
1392 1720 1446 1765 (3,
1469 1725 1501 1764 4,
1525 1722 1597 1765 10).

1005 1768 1125 1811 quoad
1145 1767 1231 1813 etc]
1254 1768 1332 1801 also
1354 1767 1420 1802 auf
1437 1767 1708 1802 unbestimmte

960 1814 1049 1848 Zeit.
1103 1814 1236 1858 Spater
1273 1814 1412 1849 fanden
1451 1814 1512 1849 die
1552 1813 1709 1849 Verlan-

957 1871 1148 1906 gerungen
1181 1861 1244 1896 des
1270 1860 1491 1906 Imperiums
1529 1872 1595 1906 pro
1622 1873 1711 1897 con-

958 1908 1037 1942 sule
1063 1908 1299 1953 gewohnlich
1325 1908 1392 1943 auf
1409 1908 1469 1943 ein
1485 1909 1580 1944 Jahr
1600 1910 1707 1944 statt.

1013 1964 1067 1995 13.
1111 1963 1155 1996 ab
1199 1963 1334 2006 impetu
1378 1961 1475 2008 belh]
1524 1971 1597 1996 von
1642 1962 1709 1996 der

962 2009 1118 2042 raschen
1140 2007 1352 2053 Eroffnung,
1380 2019 1465 2043 vom
1485 2007 1615 2053 Gange
1641 2009 1707 2043 des

962 2054 1130 2099 Krieges,
1158 2055 1223 2090 der
1245 2055 1381 2100 jedoch
1409 2057 1484 2090 eret
1505 2058 1632 2100 sp'ater
1652 2065 1708 2090 er-

960 2101 1062 2137 klart
1087 2103 1176 2137 wird
1203 2102 1309 2148 (Kap.
1338 2106 1395 2146 25,
1417 2103 1463 2148 2).

1011 2159 1064 2190 14.
1088 2156 1142 2190 M.
1160 2155 1374 2200 Claudium]
1398 2155 1480 2200 Vgl.
1496 2154 1591 2200 Kap.
1609 2158 1709 2200 18,1.

1009 2208 1072 2253 Sp.
1094 2208 1318 2254 Postumius]
1346 2208 1430 2253 Vgl.
1451 2207 1546 2252 Kap.
1578 2211 1633 2252 16,
1655 2211 1710 2244 12.

1009 2261 1180 2307 auqures]
1208 2260 1319 2296 Diese
1344 2261 1498 2296 wurden
1517 2262 1620 2296 sonst
1633 2271 1708 2296 von

963 2308 1034 2343 den
1070 2308 1238 2343 Konsuln
1276 2308 1339 2343 bei
1377 2308 1443 2343 der
1481 2307 1711 2352 Anstellung

960 2367 1033 2391 von
1055 2355 1256 2399 Auspizien
1283 2366 1513 2400 zugezogen3
1540 2355 1631 2390 aber
1656 2354 1709 2389 sie

961 2401 1192 2446 begleiteten
1225 2402 1414 2437 dieselben
1439 2402 1545 2437 nicht
1569 2401 1608 2436 in
1635 2401 1707 2435 den

963 2450 1089 2493 Krieg‚
1116 2448 1186 2483 wie
1213 2460 1277 2484 aus
1303 2452 1322 2491 ξ
1350 2452 1392 2484 16
1418 2448 1657 2493 hervorgeht.

1012 2506 1065 2536 15.
1101 2503 1144 2537 de
1181 2501 1297 2548 nocte]
1338 2502 1410 2536 ‘im
1448 2500 1607 2536 Verlauf
1642 2499 1708 2534 der

959 2549 1113 2584 Nacht’.
1155 2570 1198 2574 —
1236 2548 1302 2583 Bei
1347 2548 1413 2583 der
1448 2547 1563 2581 Wahl
1605 2547 1706 2581 eines

960 2596 1155 2631 Diktators
1187 2595 1326 2640 pflegte
1361 2595 1426 2630 der
1450 2592 1609 2637 Konsul,
1643 2605 1707 2628 um

960 2643 1043 2678 eine
1079 2642 1240 2687 Storung
1275 2643 1341 2677 der
1372 2640 1572 2685 Auspizien
1608 2639 1706 2674 fern-

963 2690 1157 2734 zuhalten,
1202 2689 1290 2724 bald
1333 2687 1428 2723 nach
1465 2687 1708 2722 Mitternacht

963 2737 1204 2772 aufzustehen
1242 2747 1305 2770 zur
1336 2733 1607 2778 Beobachtung
1642 2734 1706 2768 der

962 2783 1162 2828 Auspizien
1199 2783 1274 2816 und
1313 2781 1374 2816 die
1414 2780 1523 2815 Wahl
1562 2782 1601 2815 in
1640 2781 1705 2816 der

964 2831 1073 2865 Stille
1136 2830 1200 2863 der
1255 2829 1380 2863 Nacht
1433 2827 1706 2863 vorzunehmen

964 2877 1015 2924 (4,
1039 2881 1094 2920 21,
1116 2879 1175 2919 103
1203 2875 1266 2922 23,
1287 2879 1343 2918 22,
1367 2875 1436 2918 11).
