1794 3084
105 108 132 128 ι.
153 100 221 128 Chr.
241 108 270 127 n.
288 100 351 126 403.

655 88 799 124 LIBER
823 87 866 125 V.
906 88 1008 125 CAP.
1035 92 1066 123 2.
1095 91 1126 123 3.
1645 86 1672 127 5

106 199 339 242 seditiones
372 196 733 252 comprimendas,
765 196 903 238 virum
931 196 1147 237 imbutum
1174 196 1259 237 iam
1293 195 1346 236 ab
1379 195 1553 236 iuventa
1585 209 1671 236 cer-

103 257 342 300 taminibus
381 256 563 311 plebeis,
605 269 729 310 quem
770 258 988 296 auctorem
1032 255 1198 309 aliquot
1237 254 1360 295 annis
1400 256 1498 295 ante
1537 254 1670 294 fuisse
1699 262 1743 294 14

105 319 392 358 memoratum
424 318 490 356 est
520 329 596 369 per
629 315 889 369 collegarum
923 314 1273 355 intercessionem
1309 313 1564 354 tribuniciae
1597 326 1670 366 po-

103 375 277 417 testatis
310 374 619 416 dissolvendae.

224 433 267 475 Is
300 436 407 488 tum,
438 433 524 474 iam
550 446 635 474 non
667 434 890 486 promptus
918 431 1091 486 ingenio
1118 434 1301 485 tantum,
1334 430 1408 472 sed
1433 445 1511 472 usu
1538 429 1669 472 etiam
1687 429 1713 471 3

105 493 377 547 exercitatus,
408 492 536 533 talem
571 491 810 538 orationem
842 490 1012 531 habuit:

224 550 292 593 ‘Si
323 564 528 605 umquam
553 549 798 590 dubitatum
826 551 904 602 est,
937 548 1136 603 Quirites,
1167 552 1311 590 utrum
1337 548 1501 590 tribuni
1535 547 1670 602 plebis
1698 557 1719 589 2

105 613 248 652 vestra
285 624 339 651 an
377 623 454 650 sua
492 623 622 650 causa
661 608 920 650 seditionum
960 622 1128 662 semper
1170 612 1366 650 auctores
1405 607 1584 661 fuerint,
1627 606 1670 647 id

106 683 185 724 ego
225 669 306 710 hoc
346 681 458 709 anno
497 667 656 719 desisse
696 667 884 708 dubitari
917 669 1078 708 certum
1117 667 1274 720 habeo3
1319 671 1360 708 et
1399 681 1495 708 cum
1534 666 1672 707 laetor
1698 676 1718 707 3

106 727 281 770 tandem
313 727 433 781 longi
467 727 624 768 erroris
656 726 780 768 vobis
813 725 944 766 finem
976 725 1139 767 factum
1173 740 1282 779 esse,
1315 729 1425 777 tum,
1467 725 1580 779 quod
1613 738 1674 766 se·

104 786 254 828 cundis
297 785 573 840 potissimum
612 785 770 827 vestris
809 784 937 825 rebus
982 785 1051 826 hic
1097 799 1216 826 error
1262 788 1329 826 est
1374 784 1588 837 sublatus,
1633 786 1674 824 et

103 844 227 887 vobis
260 848 304 886 et
341 848 519 899 propter
550 859 625 885 vos
658 845 719 885 rei
751 844 949 898 publicae
983 844 1190 899 gratulor.
1247 858 1302 884 an
1335 847 1401 885 est
1433 843 1674 897 quisquam,
1700 853 1723 884 4

105 904 180 959 qui
211 903 380 945 dubitet
410 903 539 945 nullis
573 903 742 944 iniuriis
776 903 942 957 vestris,
976 904 1012 944 si
1045 917 1154 958 quae
1185 903 1297 944 forte
1325 901 1556 957 aliquando
1589 901 1675 942 fue-

102 965 223 1017 runt,
258 977 462 1017 umquam
504 977 637 1017 aeque
677 976 805 1016 quam
843 976 1019 1003 munere
1058 966 1229 1016 patrum
1266 962 1312 1002 in
1350 961 1539 1016 plebem,
1578 974 1673 1002 cum

105 1035 205 1064 aera
236 1021 525 1063 militantibus
559 1021 797 1063 constituta
829 1024 946 1074 sunt,
984 1021 1182 1062 tribunos
1222 1021 1361 1076 plebis
1401 1020 1587 1062 offensos
1627 1034 1673 1061 30

104 1080 343 1123 concitatos
389 1079 511 1121 esse?
563 1080 663 1134 quid
708 1080 807 1121 illos
852 1080 968 1122 aliud
1013 1083 1087 1121 aut
1127 1083 1219 1122 tum
1260 1079 1457 1121 timuisse
1502 1078 1673 1120 creditis
1701 1089 1722 1120 5

105 1142 181 1181 aut
210 1139 338 1182 hodie
377 1139 552 1180 turbare
585 1139 695 1180 velle
734 1139 819 1180 nisi
857 1139 1128 1181 concordiam
1168 1138 1383 1192 ordinum,
1426 1152 1553 1193 quam
1594 1137 1675 1178 dis-

106 1198 332 1240 solvendae
366 1199 551 1239 maxime
584 1198 840 1239 tribuniciae
872 1198 1103 1252 potestatis
1136 1200 1284 1239 rentur
1316 1197 1438 1239 esse?
1493 1197 1552 1238 310
1578 1196 1672 1237 1101·
1700 1208 1720 1239 6

105 1257 197 1299 01110
228 1261 452 1311 tamquam
486 1257 670 1298 artifices
699 1257 888 1310 improbi
915 1271 1022 1311 opus
1051 1260 1281 1311 quaerunt;
1315 1257 1473 1312 quippe
1507 1269 1674 1310 semper

104 1316 223 1371 aegri
256 1315 420 1370 aliquid
453 1329 546 1357 esse
578 1316 623 1357 in
654 1330 699 1356 re
730 1316 905 1370 publica
936 1317 1101 1371 volunt,
1132 1318 1180 1357 ut
1214 1317 1283 1370 sit,
1315 1316 1368 1357 ad
1402 1315 1521 1357 cuius
1555 1329 1672 1356 cura-

104 1375 270 1417 tionem
303 1390 327 1416 3
359 1374 481 1416 vobis
515 1374 810 1416 adhibeantur.

222 1433 382 1476 Utrum
415 1434 530 1475 enim
556 1434 784 1475 defenditis
811 1449 865 1476 an
892 1434 1160 1489 impugnatis
1193 1434 1392 1488 plebem?
1423 1435 1570 1474 utrum
1596 1433 1671 1473 mi·
1702 1443 1722 1475 7

101 1492 324 1535 litantium
356 1492 591 1535 adversarii
623 1493 726 1535 estis
759 1508 814 1534 an
846 1507 1021 1535 causam
1054 1494 1215 1549 agitis?
1247 1493 1333 1535 nisi
1358 1493 1469 1535 forte
1501 1492 1582 1534 hoc
1615 1491 1675 1533 di-

149 1612 205 1643 14.
244 1608 329 1654 Vgl.
355 1613 390 1652 4,
416 1612 479 1652 48,
507 1613 527 1644 0
562 1611 644 1652 (416
672 1621 703 1644 v.
733 1608 848 1653 Chr.):

100 1656 173 1701 Ap.
216 1654 412 1691 Claudium
450 1657 644 1691 ostendisse
677 1657 852 1701 patribus

101 1704 200 1738 viam
224 1715 338 1738 unam
357 1703 605 1738 dissolvendae
630 1705 852 1739 tribtmiczae

100 1751 290 1804 potestatis
324 1761 391 1795 per
428 1751 645 1795 colleyarum
684 1752 851 1786 interces-

101 1798 264 1833 sionem.
305 1798 659 1842 uneyotiumdatur,
687 1801 740 1841 ut,
765 1809 853 1843 quos

101 1845 252 1890 quisque
277 1848 397 1889 posset
427 1855 471 1879 ex
505 1845 651 1890 collegio
687 1846 850 1880 trebano-

103 1902 186 1926 rum
221 1892 271 1927 ad
307 1892 595 1926 intercessionem
624 1893 849 1936 ρπῖιᾞενεηΐ

148 1938 254 1984 Kap.
283 1937 354 1973 3—
358 1939 396 1974 6.
422 1938 543 1973 Rede
569 1938 647 1974 des
672 1938 852 1985 Appius

102 1950 332 2021 Claudius

149 2033 248 2069 3.1.
273 2044 344 2068 usu
363 2034 471 2068 etiam
491 2034 726 2080 eaeercz'tatzcs]
762 2034 853 2069 Dies

100 2079 195 2115 wird
232 2080 406 2116 bemerkt
441 2080 511 2115 mit
547 2080 673 2127 Bezug
712 2080 780 2116 auf
818 2085 850 2125 4,

70 2171 73 2174 Α
103 2130 161 2172 48,
187 2131 226 2172 5,
260 2139 320 2163 wo
347 2139 385 2163 er
410 2127 466 2163 als
491 2129 665 2164 minimus
690 2133 783 2163 natu
809 2140 852 2164 ex

99 2179 249 2221 patrum
282 2175 434 2211 concilio
466 2175 685 2211 bezeichnet
715 2176 851 2211 wurde.

149 2227 181 2258 2.
222 2226 357 2258 certum
393 2223 521 2269 habeo]
573 2223 660 2258 Dies
698 2223 749 2258 ist
788 2224 853 2258 der

99 2269 367 2316 regelmassige
398 2269 595 2305 Ausdruck
626 2270 687 2305 bei
723 2270 852 2305 Livius

100 2319 173 2362 (21,
199 2321 257 2360 43,
285 2321 347 2360 16;
380 2320 435 2357 22,
463 2321 494 2359 3,
526 2322 561 2358 ι;
600 2321 656 2361 23,
684 2321 741 2361 40,
770 2323 789 2353 6
816 2330 851 2353 u.

99 2367 159 2408 43,
180 2368 218 2407 63
245 2368 301 2407 29,
324 2369 356 2408 4,
378 2368 416 2406 83
438 2368 493 2408 36,
513 2369 570 2407 28,
592 2369 629 2408 4;
653 2369 709 2407 44,
726 2370 781 2408 39,
799 2367 850 2409 7);

101 2411 199 2447 doch
225 2412 342 2447 findet
367 2412 446 2446 sich
470 2412 640 2447 danebcn
662 2414 756 2447 auch
779 2423 850 2457 pro

101 2462 196 2495 certo
220 2459 332 2494 habeo
359 2458 465 2505 (Kap.
490 2463 546 2503 11,
570 2463 630 2502 15;
658 2464 690 2503 4,
718 2464 774 2504 35,
802 2462 849 2504 8),

100 2505 172 2541 wie
198 2506 260 2541 bei
286 2505 427 2542 Cicero.

147 2557 182 2588 4.
208 2553 363 2600 dubitet]
390 2553 527 2599 Nepos,
553 2553 682 2589 Livius
709 2566 743 2589 u.
766 2557 850 2599 spa-

98 2601 180 2636 tere
206 2601 374 2636 Antoren
407 2603 534 2636 setzen
564 2602 663 2636 nach
690 2601 762 2636 den
787 2613 851 2636 ne-

99 2647 254 2694 gativen
289 2647 534 2684 Ausdrficken
574 2648 639 2683 des
682 2648 851 2684 Zweifels

100 2694 158 2730 oft
194 2695 266 2730 den
305 2696 392 2731 Acc.
426 2707 456 2730 c.
488 2696 569 2739 Inf.,
609 2696 738 2732 Cicero
777 2696 852 2731 und

101 2741 216 2778 cssar
241 2743 335 2778 stets
361 2744 452 2788 quin
479 2742 587 2787 (Kap.
604 2747 636 2787 5,
660 2748 697 2787 33
725 2746 782 2786 38,
802 2746 850 2787 4).

35 2810 37 2812 -
147 2789 290 2836 vestris]
326 2807 371 2819 =
403 2802 494 2835 quae
518 2791 619 2826 vobis
644 2792 851 2835 insereban-

100 2839 162 2872 tur
189 2837 281 2883 (vgl.
308 2841 365 2881 29,
395 2841 451 2882 18,
479 2840 548 2881 18).

973 1621 1083 1655 aeque
1096 1610 1223 1656 quam]
1244 1611 1337 1645 statt
1356 1610 1420 1644 des
1440 1607 1676 1644 klassischen

925 1668 1034 1702 aeque
1053 1668 1107 1701 ac,
1135 1658 1316 1692 zuweilen
1336 1656 1398 1692 bei
1424 1657 1592 1699 Plautus,
1617 1655 1675 1690 Li-

924 1716 1007 1739 vms
1035 1685 1141 1749 (Ka’p.
1164 1709 1196 1747 6,
1219 1709 1280 1747 11;
1308 1707 1364 1747 26,
1385 1708 1442 1747 45,
1470 1708 1507 1746 2,
1534 1707 1591 1747 28,
1618 1707 1675 1745 26,

924 1755 988 1832 {43
1017 1756 1073 1796 31,
1101 1757 1133 1794 1,
1160 1753 1197 1797 4)
1230 1752 1306 1787 und
1334 1753 1506 1797 sp‘ateren
1531 1750 1676 1786 Prosai-

954 1809 1029 1833 ern.

975 1849 1006 1880 5.
1035 1845 1122 1891 esse]
1150 1846 1222 1880 mit
1247 1845 1336 1881 Gen.
1366 1846 1468 1880 eines
1496 1845 1675 1880 Substan-

926 1892 1000 1927 tivs
1026 1893 1095 1928 mit
1115 1892 1316 1934 Gerundiv,
1345 1892 1468 1928 ‘diene
1490 1892 1594 1935 dazu,
1622 1892 1676 1927 sei

926 1940 1020 1975 dazu
1059 1941 1249 1985 geeiguet'
1292 1940 1352 1985 (3,
1379 1944 1441 1983 24,
1471 1944 1506 1983 1;
1546 1944 1609 1982 31,
1636 1944 1674 1983 ⁷3

927 1991 982 2030 39,
1003 1991 1035 2023 8.
1063 1987 1101 2033 4,
1123 1991 1179 2031 48,
1204 1992 1256 2022 15.
1284 1987 1348 2034 27,
1371 1991 1402 2031 9,
1426 1991 1479 2022 12.
1507 1987 1571 2034 30,
1593 1991 1625 2031 9,
1641 1991 1673 2022 4.

925 2035 990 2080 34,
1017 2039 1073 2078 54,
1102 2036 1149 2079 5).

974 2086 1007 2117 6.
1046 2082 1218 2128 artifices]
1252 2092 1381 2127 wegen
1409 2082 1474 2117 des
1500 2082 1674 2117 Zusatzes

926 2130 1083 2174 improbi
1125 2129 1226 2164 wohl
1265 2140 1338 2164 von
1375 2128 1672 2173 Heilkiinstlern,

928 2175 1211 2218 Quacksalbern
1236 2188 1279 2211 zu
1299 2178 1507 2219 verstehen,
1535 2177 1676 2212 welche

927 2223 1006 2259 sich
1032 2224 1102 2258 mit
1129 2223 1213 2258 dem
1240 2236 1309 2258 nur
1340 2224 1456 2259 leicht
1487 2223 1673 2270 angegrif-

925 2271 1035 2306 senen
1076 2271 1276 2306 Patienten
1314 2270 1390 2306 viel
1428 2283 1470 2306 zu
1510 2271 1673 2307 schaffen

924 2319 1092 2354 machen.

974 2371 1004 2401 7.
1041 2367 1117 2401 Das
1144 2365 1258 2401 dritte
1285 2366 1436 2410 Kapitel
1469 2365 1588 2401 bildet
1614 2365 1673 2401 die

924 2413 1142 2459 Einleitung
1174 2413 1239 2448 der
1270 2412 1373 2448 Rede
1404 2413 1481 2447 und
1518 2412 1675 2448 handelt

924 2472 998 2496 von
1010 2461 1094 2496 dem
1109 2459 1452 2506 Oppositionsgeist
1464 2459 1529 2495 der
1546 2459 1674 2495 Volks-

925 2508 1110 2543 tribunen.
1137 2509 1180 2542 In
1201 2511 1241 2550 ἐξ
1262 2512 1355 2543 2-6
1376 2507 1469 2543 wird
1491 2508 1555 2542 das
1576 2507 1674 2542 Volk

925 2556 1138 2600 angeredet.
1177 2554 1285 2590 Dann
1305 2554 1394 2590 aber
1419 2555 1568 2590 wendet
1594 2555 1673 2589 sich

926 2603 993 2638 der
1024 2602 1172 2637 Redner
1208 2601 1387 2647 plotzlich
1425 2613 1471 2637 311
1504 2601 1564 2636 die
1597 2601 1673 2636 Tri-

924 2649 1049 2684 bunen
1076 2649 1193 2684 selbst
1218 2649 1294 2684 und
1315 2648 1594 2694 apostrophiert
1619 2649 1673 2684 sie

926 2695 965 2730 in
991 2700 1033 2739 §s
1060 2700 1186 2731 7-10.

974 2745 1050 2779 m'si
1061 2745 1155 2786 forte
1169 2743 1257 2790 etc]
1282 2743 1368 2778 Dies
1388 2743 1438 2778 ist
1457 2742 1517 2778 ein
1530 2743 1673 2789 Haupt—

928 2792 1016 2826 satz.
1057 2791 1164 2826 Sinn:
1191 2791 1257 2824 auf
1273 2789 1375 2826 diese
1389 2790 1533 2836 Fragen
1554 2790 1674 2826 konnt

926 2838 986 2872 ihr
1011 2838 1117 2874 nicht
1142 2839 1370 2881 antworten,
1402 2838 1457 2873 ‘es
1483 2838 1537 2873 sei
1563 2838 1674 2882 denn,
