1794 3084
63 140 89 159 2.
109 132 175 159 ειη.
195 140 223 158 n.
244 109 305 159 590.
590 122 734 158 LIBER
761 121 802 158 v.
847 122 949 158 CAP.
976 127 1031 160 51.
1058 127 1114 159 52.
1567 122 1624 166 93

63 235 106 274 et
143 231 367 274 victoriam
406 235 449 273 et
487 232 710 287 antiquum
750 231 853 273 belli
885 231 1012 274 decus
1046 233 1269 285 amissum,
1310 235 1352 274 et
1383 233 1428 274 in
1461 232 1621 287 hostes,

63 291 137 346 qui
168 291 283 333 caeci
316 291 496 333 avaritia
528 291 573 332 in
604 290 790 345 pondere
823 291 916 332 auri
948 291 1097 334 foedus
1131 306 1180 334 ac
1210 291 1337 333 fidem
1364 291 1623 346 fefellerunt,

61 352 282 393 verterunt
313 352 520 392 terrorem
552 350 784 405 fugamque
818 353 860 392 et
891 351 1075 393 caedem.

181 408 300 451 Haec
337 409 440 451 culti
477 410 748 464 neglectique
785 410 973 451 numinis
1010 412 1133 452 tanta
1164 413 1383 453 momenta
1414 411 1460 452 in
1490 411 1619 452 rebus
1635 411 1692 453 52

62 468 262 510 humanis
295 471 520 510 cernentes
553 467 704 524 ecquid
737 469 924 523 sentitis,
966 469 1172 523 Quirites,
1205 473 1414 525 quantum
1445 470 1620 511 vixdum

61 542 83 570 e
108 527 347 584 naufragiis
374 527 529 582 prioris
550 528 700 582 culpae
722 528 937 582 cladisque
959 532 1228 584 emergentes
1248 544 1447 584 paremus
1468 529 1619 571 nefas?

61 587 213 629 urbem
239 587 459 642 auspicato
481 587 824 642 inauguratoque
846 587 1064 629 conditam
1085 588 1311 644 habemus3
1337 589 1479 630 nullus
1499 588 1619 631 locus
1647 601 1666 630 2

60 647 106 688 in
132 660 182 688 03
206 661 292 688 11011
318 646 575 701 religionum
597 646 857 700 deorumque
879 649 944 687 est
965 647 1134 701 plenus3
1162 648 1380 689 sacrificiis
1402 648 1619 689 sollemni-

60 705 140 748 bus
172 720 260 748 non
292 705 381 747 dies
414 706 553 759 magis
588 705 690 747 stati
719 720 846 760 quam
873 705 966 747 loca
994 709 1104 758 sunt,
1138 707 1179 747 in
1207 707 1360 762 quibus
1386 707 1504 749 fiant.
1538 707 1618 749 hos
1646 719 1666 749 3

60 779 208 807 omnes
253 765 354 806 deos
399 765 595 819 publicos
641 764 936 820 privatosque,
984 764 1192 819 Quirites,
1238 766 1448 808 deserturi
1487 766 1620 808 estis?

61 839 188 879 quam
220 839 299 879 par
330 827 521 866 vestrum
553 823 714 865 factum
747 825 784 866 ei
816 827 899 879 est,
932 825 1045 879 quod
1077 825 1121 866 in
1155 825 1377 867 obsidione
1409 841 1546 880 nuper
1577 827 1621 867 in

60 884 234 939 egregio
268 883 539 925 adulescente
567 882 611 925 C.
638 882 772 925 Fabio
806 897 892 924 non
926 885 1094 925 minore
1121 884 1310 926 hostium
1337 885 1620 927 admiratione

59 957 188 998 quam
219 946 362 984 vestra
394 946 671 997 conspectum
705 947 780 996 est,
815 957 911 984 011111
943 943 1056 984 inter
1082 942 1251 985 Gallica
1281 945 1367 985 tela
1394 944 1619 1001 degressus

59 1017 110 1044 ex
155 1016 250 1044 arce
290 1003 494 1044 sollemne
526 1001 684 1043 Fabiae
725 1003 865 1057 gentis
904 1002 949 1043 in
987 1003 1093 1044 colle
1128 1002 1340 1052 Quirinali
1380 1003 1514 1045 obiit?
1566 1019 1620 1045 an
1647 1016 1668 1045 4

58 1061 279 1118 gentilicia
319 1076 440 1103 sacra
479 1076 531 1102 ne
570 1062 613 1102 in
650 1061 764 1103 bello
799 1061 970 1117 quidem
1003 1062 1256 1116 intermitti,
1294 1063 1467 1118 publica
1499 1078 1622 1105 sacra

58 1124 102 1163 et
137 1120 357 1162 Romanos
400 1120 501 1162 deos
541 1120 672 1162 etiam
710 1121 754 1162 in
793 1135 898 1175 pace
937 1121 1074 1162 deseri
1112 1122 1272 1176 placet,
1318 1125 1360 1163 et
1398 1123 1620 1176 pontifices

58 1180 337 1235 flaminesque
368 1180 714 1235 neglegentiores
747 1180 1013 1235 publicarum
1046 1181 1304 1235 religionum
1339 1196 1449 1235 esse,
1490 1196 1620 1237 quam

58 1239 252 1295 privatus
283 1239 329 1280 in
361 1239 561 1281 sollemni
594 1239 734 1293 gentis
767 1239 926 1280 fuerit‘.>

176 1298 380 1340 Forsitan
421 1298 572 1352 aliquis
612 1298 725 1340 dicat
767 1301 840 1339 aut
872 1297 976 1339 Veis
1016 1313 1065 1340 ea
1096 1313 1174 1341 nos
1207 1299 1398 1341 facturos
1432 1301 1506 1341 aut
1537 1299 1619 1342 huc
1647 1313 1666 1342 5

60 1357 159 1399 inde
185 1358 393 1400 missuros
421 1357 662 1399 sacerdotes
689 1360 874 1413 nostros,
901 1358 973 1413 qui
999 1358 1182 1414 faciant3
1212 1373 1392 1414 quorum
1419 1361 1619 1401 neutrum

58 1417 151 1458 fieri
190 1417 320 1458 salvis
359 1417 632 1459 caerimoniis
671 1419 826 1472 potest.
889 1422 932 1458 et
964 1432 1016 1459 ne
1050 1418 1195 1460 omnia
1228 1418 1466 1473 generatim
1500 1433 1621 1460 sacra
1648 1432 1667 1462 6

57 1491 290 1532 omnesque
321 1490 598 1531 percenseam
631 1476 744 1530 deos,
775 1478 821 1518 in
852 1477 965 1518 Iovis
999 1477 1122 1532 epulo
1154 1492 1258 1519 num
1285 1478 1388 1520 alibi
1415 1493 1544 1533 quam
1570 1479 1616 1519 in

106 1608 160 1640 10.
187 1605 314 1648 foedus
339 1616 383 1640 (10
400 1605 522 1652 fidem]
549 1606 619 1640 den
640 1605 800 1651 Ver-trag

57 1664 93 1687 u.
113 1652 179 1687 das
200 1651 298 1688 beim
312 1652 511 1688 Abschluss
529 1652 723 1688 desselben
737 1664 800 1698 ge—

875 1605 975 1640 steht
1005 1605 1086 1641 hier
1111 1606 1290 1650 ironisch,
1318 1623 1362 1634 =
1389 1605 1458 1641 wie
1485 1605 1618 1651 wenig.

874 1657 930 1696 28,
957 1657 1013 1695 42,
1041 1657 1085 1688 20
1117 1665 1224 1698 quam
1256 1665 1403 1698 compar
1429 1655 1619 1689 consiYium

56 1700 198 1746 gebene
229 1700 347 1735 Wort.
398 1699 483 1745 Vgl.
513 1706 542 1744 1,
563 1704 618 1744 28,
641 1704 661 1735 9
695 1702 800 1744 sidem

55 1757 100 1782 ac
124 1748 270 1790 foedera
293 1758 444 1783 servare.

103 1794 166 1831 52.
185 1798 215 1829 1.
230 1795 423 1841 momenta]
440 1795 633 1839 Einflfisse‚
647 1794 799 1840 Folgen.

103 1843 230 1888 ecquid
247 1842 405 1889 sentitis]
429 1842 538 1877 Diese
554 1843 672 1888 Frage
686 1842 802 1878 findet

57 1889 136 1925 sich
174 1890 270 1926 auch
305 1894 342 1934 3,
371 1893 431 1933 11,
460 1893 502 1924 12
530 1890 604 1925 und
632 1894 670 1931 4,
698 1894 740 1931 3,
768 1893 799 1925 8.

57 1938 184 1983 ecquid
231 1937 336 1983 neigt
381 1938 446 1972 hin
495 1949 558 1972 zur
607 1936 801 1982 Bejahung

56 1987 115 2038 (²1
141 1987 296 2030 nonne),
322 1984 392 2020 wie
417 1985 596 2030 numquid
621 1997 683 2019 zur
709 1985 799 2019 Ver-

55 2043 231 2078 nemung.

103 2083 137 2115 2.
163 2081 369 2126 auspicato]
397 2080 490 2126 Kap.
519 2084 574 2124 14,
595 2084 628 2114 4.

103 2128 345 2174 inauyurato]
360 2127 465 2162 nicht
475 2127 716 2163 verschieden
728 2138 800 2162 von

57 2173 142 2209 dem
175 2174 341 2220 Simplex
377 2179 558 2222 auyurato
591 2174 700 2220 (nach
732 2174 800 2209 Be-

58 2220 220 2268 fragung
257 2223 320 2258 des
359 2222 609 2268 Auguriums).
656 2222 739 2267 Vgl.
770 2227 800 2265 1,

59 2272 115 2314 18,
141 2274 161 2305 6
187 2270 367 2306 Romulus
397 2274 580 2316 augurato
603 2270 693 2305 urbe
717 2281 800 2305 con-

57 2317 177 2352 denda
218 2329 370 2363 reynum
412 2319 565 2363 adeptus
602 2321 660 2353 est.
724 2316 799 2351 Das

57 2364 170 2401 Wort
206 2366 368 2400 erinnert
403 2376 451 2400 an
479 2371 514 2408 1,
543 2369 575 2408 6,
606 2369 644 2399 4;
683 2368 723 2399 ut
760 2365 800 2400 di

57 2413 226 2456 auguriis
251 2413 421 2459 leyerent,
446 2415 509 2458 qui
534 2423 662 2447 nomeu
687 2423 800 2447 novae

56 2460 142 2495 wrbi
177 2461 299 2504 claret,
334 2462 399 2505 qui
434 2461 617 2496 conditam
648 2460 800 2504 imperio

55 2511 208 2552 reqeret‚
235 2507 425 2542 Palatium
450 2507 638 2549 Romulus,
665 2507 800 2542 Remus

57 2554 280 2590 Aventinum
293 2556 342 2590 ad
355 2555 657 2600 inauyurandum
668 2555 800 2599 templa

59 2603 212 2647 capiunt
237 2603 307 2637 ete.

103 2650 335 2695 reliyionum]
374 2649 529 2685 fromme
569 2649 798 2692 Gebri'mche,

59 2693 326 2732 Gottesdienst.
365 2700 385 2739 ξ
411 2701 443 2732 4.

107 2747 137 2779 3.
160 2744 341 2790 privatos]
363 2744 422 2779 die
443 2744 562 2779 Laren
582 2756 616 2779 u.
636 2744 802 2779 Penaten

61 2802 97 2882 ὃ
109 2790 170 2826 die
183 2790 445 2837 Schutzgotter
459 2792 524 2826 der
538 2791 803 2827 Geschlechter

99 2841 217 2882 entes).

107 2895 213 2929 quam
222 2885 313 2933 par]
331 2897 439 2931 quam
454 2888 571 2931 (sonst
585 2885 669 2921 ‘wie
685 2886 801 2930 sehr')

874 1704 976 1735 tuum
1005 1703 1170 1746 parentis
1202 1702 1259 1736 tui
1294 1702 1444 1737 consilio
1470 1702 1535 1744 sit,
1567 1713 1619 1736 re-

868 1752 983 1793 puta‚·
1003 1749 1076 1783 Cic.
1099 1761 1132 1793 p.
1149 1748 1254 1784 Sulla
1267 1753 1312 1784 33
1333 1749 1486 1790 attende,
1506 1760 1614 1794 quam

874 1807 935 1841 090
966 1796 1152 1840 defuyiam
1178 1797 1427 1832 auctoritatem
1454 1797 1619 1832 consula-

875 1847 932 1878 tus
957 1845 1034 1878 mei.
1160 1846 1169 1857 ⁶

921 1890 1102 1936 sollemne]
1115 1889 1344 1934 Substantiv,
1358 1893 1427 1926 wie
1445 1891 1535 1936 Kap.
1546 1896 1577 1934 1,
1587 1895 1619 1926 4.

921 1942 954 1972 4.
981 1938 1047 1984 cm]
1071 1937 1217 1973 Schluss
1238 1950 1323 1973 vom
1339 1939 1533 1974 Kleineren
1551 1940 1623 1973 -auf

874 1985 941 2020 das
981 1984 1152 2021 Grossere
1188 1986 1226 2020 in
1264 1986 1330 2021 der
1367 1985 1478 2021 Form
1516 1986 1619 2021 einer

873 2032 1085 2068 ironischen
1111 2033 1240 2078 Frage.

916 2081 1070 2125 publiea
1104 2081 1226 2126 sacra]
1266 2081 1337 2116 den
1378 2080 1618 2116 offentlichen

875 2127 1147 2172 Gottescfienst,
1204 2127 1362 2164 welcher
1417 2140 1489 2163 von
1549 2127 1620 2163 den

874 2175 1059 2210 Priestern
1075 2176 1138 2210 des
1148 2175 1296 2211 Staa-tes
1311 2175 1468 2219 geleitet
1482 2176 1618 2210 wurde.

921 2225 952 2257 5.
992 2224 1159 2269 quorum]
1200 2223 1516 2268 Zurfickweisung
1555 2223 1620 2258 der

873 2269 1009 2305 beiden
1039 2270 1235 2316 fingierten
1267 2271 1516 2316 Vorschlage,
1555 2271 1618 2305 be-

873 2318 1033 2363 griindet
1058 2318 1095 2352 in
1123 2322 1141 2359 ξ
1169 2321 1273 2354 6-8.

922 2368 954 2400 6.
979 2366 1191 2412 yeneratim]
1217 2366 1313 2401 nach
1334 2365 1405 2400 den
1426 2365 1618 2400 einzelnen

874 2411 1163 2448 Geschlechtern
1202 2412 1265 2448 der
1299 2412 1485 2448 Pati-izien
1531 2412 1615 2457 Vgl.

874 2460 976 2495 Caes.
1003 2461 1035 2496 b.
1065 2460 1106 2495 G.
1137 2465 1167 2503 1,
1189 2464 1244 2503 51,
1265 2465 1285 2495 2
1321 2462 1445 2505 copias
1470 2471 1616 2505 yenera-

873 2508 937 2542 tim
957 2509 1238 2551 constituerunt3
1260 2512 1292 2550 7,
1309 2511 1362 2548 19,
1378 2511 1398 2541 2
1419 2509 1617 2553 yeneratim

872 2555 1070 2590 distributi.

919 2603 960 2636 in
981 2603 1084 2638 Iovis
1102 2602 1222 2648 epulo]
1246 2601 1437 2637 wahrend
1458 2601 1523 2636 der
1536 2602 1617 2636 ludi

868 2649 985 2694 plebei
1010 2649 1105 2684 hielt
1130 2649 1195 2684 der
1215 2648 1329 2684 Senat
1356 2660 1413 2682 am
1444 2653 1496 2683 15.
1520 2649 1612 2683 Nov.

876 2696 936 2730 ein
983 2696 1189 2731 feierliches
1233 2696 1380 2731 Banket
1424 2697 1490 2730 auf
1530 2696 1614 2731 dem

874 2743 1037 2788 Kapitol.
1101 2744 1159 2778 An
1203 2743 1415 2778 demselben
1453 2744 1615 2778 nahmen

875 2791 970 2825 auch
991 2790 1049 2825 die
1067 2789 1199 2825 Gotter
1219 2791 1282 2825 des
1304 2789 1616 2835 kapitolinischen

875 2837 1048 2883 Tempels
1067 2838 1145 2882 teil,
1166 2850 1225 2872 um
1248 2838 1327 2872 ihre
1345 2837 1616 2874 Freundschaft

875 2885 934 2920 fiir
971 2885 1031 2920 die
1070 2884 1141 2920 den
1173 2885 1278 2920 Staat
1313 2885 1474 2920 leitende
1507 2886 1616 2920 Rats-
