1794 3084
65 99 91 119 a.
111 91 166 120 ch.
186 99 218 118 n.
238 91 300 118 362.

624 79 768 115 LIBER
793 78 871 115 VII.
924 78 1028 114 CAP.
1055 81 1087 114 ὅ.
1583 76 1636 118 19

64 191 252 244 intento,
290 189 375 231 nisi
407 189 453 230 in
485 203 594 244 quae
625 189 718 243 ipse
751 187 1017 243 concepisset
1048 185 1179 229 verba
1217 186 1379 228 iuraret
1417 200 1461 228 se
1500 186 1637 241 patris

66 250 156 292 eius
190 249 416 291 accusandi
448 263 578 290 causa
611 247 839 290 concilium
871 246 1010 301 plebis
1035 260 1269 300 numquam
1295 245 1561 299 habiturum,
1593 259 1638 287 se

64 323 162 351 eum
190 308 407 362 extemplo
434 307 742 349 transfixurum
776 305 976 348 minatur.
1025 305 1205 360 pavidus
1231 305 1445 359 tribunus,
1479 306 1637 360 quippe
1665 316 1685 346 6

63 367 138 424 qui
166 367 329 409 ferrum
356 368 457 408 ante
491 366 637 409 oculos
670 367 841 419 micare,
874 379 919 407 se
946 365 1088 406 solum
1113 365 1335 419 inermem,
1366 365 1487 406 illum
1515 379 1638 419 prae-

62 426 255 468 validum
287 426 484 468 iuvenem
519 428 575 480 et,
607 425 722 479 quod
748 424 864 466 haud
897 424 1038 466 minus
1071 423 1312 465 timendum
1344 427 1449 477 erat,
1483 423 1638 465 stolide

62 485 253 528 ferocem
297 485 463 527 viribus
509 485 596 526 suis
642 486 850 538 cerneret,
897 483 1068 525 adiurat
1107 483 1152 524 in
1198 497 1306 538 quae
1351 483 1529 524 adactus
1574 484 1641 524 est

61 545 215 599 verba3
255 547 298 586 et
330 559 433 600 prae
467 558 511 586 se
545 543 695 585 deinde
727 543 829 584 tulit
861 556 911 584 ea
943 543 985 583 vi
1028 542 1254 584 subactum
1287 556 1332 583 se
1364 542 1537 596 incepto
1571 541 1639 583 de-

63 604 239 647 stitisse.
295 618 372 645 nec
404 602 581 658 perinde
613 605 662 643 ut
695 601 922 643 maluisset
954 601 1103 656 plebes
1137 601 1220 642 sibi
1253 601 1447 657 suffragii
1473 600 1639 643 ferendi
1665 612 1685 642 7

63 663 114 705 de
138 667 230 704 tam
257 662 419 704 crudeli
447 665 490 703 et
511 661 697 715 superbo
719 676 791 703 reo
812 663 1077 715 potestatem
1105 660 1211 714 fieri,
1243 660 1306 702 ita
1333 674 1459 714 aegre
1485 661 1641 702 habuit

61 722 199 764 filium
231 721 275 763 id
306 736 384 776 pro
417 724 596 776 parente
629 735 793 762 ausum.
845 734 980 774 eoque
1011 719 1054 760 id
1087 719 1349 761 laudabilius
1384 724 1495 775 erat,
1527 719 1640 775 quod

63 782 256 824 animum
289 781 380 822 eius
411 783 539 822 tanta
571 780 786 821 acerbitas
824 779 968 834 patria
1007 778 1117 820 nihil
1145 794 1170 820 a
1201 779 1364 834 pietate
1397 779 1640 822 avertisset.

181 839 336 894 Itaque
367 854 456 881 non
487 839 601 894 patri
634 839 762 881 modo
791 839 974 880 remissa
1001 852 1156 880 causae
1183 838 1314 880 dictio
1343 841 1420 890 est,
1454 839 1527 880 sed
1554 838 1638 893 ipsi
1665 848 1686 880 8

60 900 191 942 etiam
225 899 489 941 adulescenti
522 913 572 940 ea
604 913 672 940 res
705 898 862 940 honori
887 897 982 951 fuit,
1016 900 1059 939 et
1091 912 1187 939 cum
1222 912 1270 939 eo
1304 912 1417 940 anno
1450 898 1637 952 primum
1665 908 1686 939 9

59 959 298 1014 placuisset
328 958 528 1000 tribunos
555 958 741 999 militum
775 957 828 999 ad
864 957 1057 1013 legiones
1093 956 1301 1012 suffragio
1333 957 1428 998 fieri
1454 982 1510 987 —
1537 972 1639 999 nam

61 1022 202 1072 antea,
236 1018 347 1060 siout
378 1032 492 1060 nunc
526 1031 631 1072 quos
665 1016 849 1058 Rufulos
885 1019 1057 1070 vocant,
1089 1016 1371 1070 imperatores
1404 1017 1489 1071 ipsi
1515 1016 1640 1058 facie-

60 1078 167 1120 bant
190 1101 255 1128 —‚
289 1077 523 1119 secundum
555 1077 602 1118 in
636 1091 709 1117 sex
739 1076 845 1118 locis
877 1075 1033 1129 tenuit,
1065 1075 1196 1117 nullis
1230 1075 1346 1117 domi
1374 1076 1640 1131 militiaeque

109 1159 152 1192 in
177 1169 268 1202 quae
284 1186 290 1192 .
305 1184 312 1191 .
327 1186 333 1193 .
350 1157 472 1202 verba]
486 1156 553 1192 Die
563 1156 815 1201 Weglassung

61 1205 126 1241 des
165 1204 528 1240 Demonstrativums
572 1204 669 1239 nach
714 1204 815 1238 einer

60 1251 313 1297 Pr’apositiom
335 1263 374 1287 so
396 1251 477 1286 dass
493 1251 593 1286 diese
607 1251 677 1286 mit
690 1250 814 1286 einem

60 1299 276 1335 Relativum
319 1299 536 1334 verbunden
578 1298 690 1342 wird,
743 1297 815 1333 mit

61 1347 243 1382 welchem
263 1346 316 1381 sie
329 1347 436 1382 nicht
448 1345 812 1390 zusammengehort,

61 1394 112 1430 ist
125 1405 220 1439 ganz
240 1393 541 1439 ungewohnlich.
568 1394 653 1439 Vgl.
671 1397 704 1436 5,
720 1397 776 1436 34,
792 1397 812 1428 3

59 1442 287 1477 Bellovesum
312 1452 355 1476 ae
375 1441 587 1486 seyen-esum
615 1442 813 1476 missurum

59 1499 96 1525 se
120 1499 192 1524 esse
210 1490 252 1524 in
271 1500 363 1534 quas
383 1489 423 1524 di
442 1489 622 1524 dedissent
642 1489 813 1534 auyurz'is

59 1537 170 1572 sedes.

108 1583 338 1629 concepisset]
387 1582 635 1625 ‘formuliert‚
682 1594 813 1628 vorge-

61 1630 273 1676 sprochen'.
299 1634 357 1673 43,
380 1635 435 1675 16,
463 1635 506 1666 15
533 1632 712 1675 conceptis
736 1642 813 1666 ver-

60 1679 115 1714 bis
140 1679 289 1713 iuravit.

110 1726 304 1760 concilium
334 1725 468 1770 plebis]
507 1724 582 1759 Der
616 1724 815 1759 Ausdruck

59 1773 109 1808 ist
128 1772 229 1807 wohl
248 1783 319 1807 von
341 1772 413 1808 den
432 1771 750 1807 Tributkomitien
771 1783 814 1806 zu

60 1821 276 1863 verstehen,
312 1820 453 1855 welche
486 1830 557 1854 nur
583 1819 814 1854 Geldbul'sen

59 1868 278 1913 verh'angen
309 1866 489 1902 konnten.
540 1865 719 1911 Dagegen
747 1866 813 1902 das

57 1915 192 1958 Recht,
213 1915 322 1950 einen
335 1914 478 1959 Bfirger
497 1913 568 1949 mit
595 1914 679 1948 dem
698 1913 813 1956 Tode,

58 1963 130 1997 mit
155 1963 240 1997 dem
266 1962 351 1996 Exil
376 1962 452 1996 und
485 1961 554 1995 mit
581 1961 812 2005 Einziehung

59 2009 182 2045 seiner
207 2008 324 2044 Gruter
359 2020 404 2043 zu
430 2008 588 2050 strafen‚
620 2008 708 2043 kam
741 2008 811 2043 seit

61 2057 132 2092 den
153 2056 334 2092 Gesetzen
361 2057 426 2091 der
446 2056 567 2091 Zwolf
589 2055 722 2090 Tafeln
741 2067 811 2090 nur

59 2105 145 2140 dem
172 2103 416 2139 Gesamtvolk
448 2104 640 2148 (populus)
668 2102 705 2137 in
739 2103 811 2138 den

60 2151 435 2188 Centuriatkomitien
462 2163 505 2185 zu
527 2150 725 2195 (vgl.5,20,
742 2152 810 2194 10).

107 2199 288 2244 minatur]
321 2197 406 2244 Vgl.
441 2197 581 2233 Seneca
613 2198 657 2232 de
691 2197 810 2232 benef.

59 2250 91 2291 3,
107 2251 170 2282 37:
212 2246 315 2281 ‘Nisi
339 2247 462 2288 iuras,
488 2246 628 2291 inquit,
661 2249 692 2280 le
718 2246 812 2280 diem

54 2295 161 2339 patri
180 2295 414 2328 remissurum
444 2304 526 2336 esse,
552 2294 617 2328 hoe
637 2296 669 2327 te
687 2293 811 2338 (stadio

59 2341 331 2384 transfodiam.’

108 2392 140 2424 6.
165 2389 282 2424 solum
306 2389 488 2429 inermem,
518 2386 647 2422 ‘allein
674 2387 729 2421 als
751 2388 810 2422 ein

60 2435 292 2479 wehrloser’,
320 2435 399 2480 legt
419 2435 490 2470 deu
505 2434 731 2468 Nachdruck
747 2434 815 2468 auf

59 2483 187 2526 solum,
206 2482 383 2517 wahrend
403 2481 465 2516 bei
484 2482 549 2516 der
563 2480 810 2525 Ve1·¹.›indung

60 2530 175 2565 solum
206 2534 239 2565 et
268 2531 439 2565 inermem
470 2528 579 2563 beide
608 2528 808 2573 Adjektive

60 2577 116 2612 als
178 2577 303 2622 gleich
370 2575 526 2620 wichtig
589 2575 808 2611 erscheinen

61 2623 223 2660 wiirden.

108 2672 235 2707 stolide
259 2671 425 2717 ferocem]
456 2670 554 2705 ‘voll
586 2669 810 2705 tollki'ihnen

62 2716 326 2762 Vertrauens’,
353 2719 423 2753 mit
449 2718 532 2753 Abl.
561 2729 712 2756 causa-0,
741 2717 809 2752 wie

61 2763 127 2800 ihn
155 2765 278 2801 Livius
306 2767 361 2801 oft
375 2775 431 2800 *zu
455 2767 560 2808 ferox
587 2766 682 2799 setzt
701 2764 807 2809 (Kap.

63 2815 95 2855 6,
125 2816 184 2853 10;
214 2818 244 2855 1,
272 2817 327 2855 58,
355 2817 393 2855 ὃς
421 2816 459 2856 2,
489 2817 545 2855 ὗε,
575 2816 612 2854 τ,
640 2818 672 2854 3,
701 2816 756 2854 11,
790 2816 809 2846 6

61 2858 137 2894 und
164 2864 303 2904 70,10;
332 2864 388 2903 21,
411 2863 466 2902 54,
489 2863 526 2901 6;
554 2863 610 2902 27,
632 2863 663 2901 2,
687 2864 723 2900 23
753 2863 808 2901 29,

891 1160 922 1199 9,
945 1159 984 1198 ὃς
1012 1160 1069 1200 33,
1090 1160 1147 1199 36,
1169 1157 1214 1199 9).
1253 1156 1339 1200 Vgl.
1357 1157 1446 1191 Tac.
1462 1156 1557 1191 Ann.
1572 1160 1603 1200 1,
1619 1161 1639 1191 3

887 1205 1014 1239 robore
1039 1205 1204 1248 eorporis
1228 1204 1357 1239 stolide
1381 1206 1544 1247 ferocem.

934 1252 977 1286 in
1002 1252 1109 1296 quae]
1132 1268 1175 1279 =
1202 1252 1243 1285 in
1268 1262 1323 1295 ea,
1348 1252 1397 1286 in
1421 1263 1534 1296 quae;
1560 1250 1640 1286 also

887 1298 1021 1333 andere
1049 1299 1104 1333 als
1129 1302 1148 1340 ξ
1169 1301 1201 1333 5.

935 1346 1089 1381 adactus
1115 1346 1181 1392 est]
1214 1357 1288 1380 von
1313 1345 1440 1380 Livius
1465 1357 1536 1380 nur
1560 1346 1642 1381 hier

885 1392 1104 1428 verbunden
1129 1395 1199 1428 mit
1218 1394 1260 1428 in
1280 1394 1398 1428 verba,
1435 1392 1522 1438 Vgl.
1539 1393 1640 1429 Suet.

886 1440 999 1485 Vesp.
1027 1445 1047 1475 6
1084 1441 1255 1476 Tiberius
1285 1442 1498 1476 Alexander
1532 1452 1640 1485 prae-

885 1489 1002 1531 fectus
1045 1488 1206 1534 Aeyypti
1246 1489 1392 1532 primus
1441 1490 1483 1523 in
1531 1489 1641 1523 verba

893 1536 1114 1580 Vespasiani
1129 1537 1281 1580 leyz'ones
1292 1536 1435 1580 adegi&
1450 1535 1639 1571 Tac.Hist.

887 1587 920 1627 2,
943 1586 988 1617 14
1014 1595 1046 1617 u.
1075 1594 1107 1618 a.

932 1641 1025 1675 prae
1043 1640 1079 1665 se
1104 1629 1206 1675 tulit]
1236 1630 1290 1664 ‘er
1317 1629 1479 1665 erklarte
1506 1630 1640 1665 offent-

887 1677 1000 1711 lich'.
1050 1676 1136 1721 Vgl.
1163 1676 1236 1711 Cic.
1265 1687 1332 1721 pro
1359 1676 1440 1712 Mil.
1467 1680 1511 1712 52
1543 1678 1641 1713 hunc

886 1735 977 1769 prae
1008 1735 1044 1759 se
1076 1725 1202 1760 tulisse
1234 1725 1297 1760 illo
1329 1725 1388 1760 die
1419 1724 1540 1760 Roma
1564 1726 1640 1760 exi-

888 1775 1022 1807 turum.

935 1818 1141 1864 subactum]
1160 1819 1324 1864 subz'yere
1343 1818 1459 1853 findet
1479 1819 1559 1854 sich
1578 1819 1641 1854 bei

887 1866 1014 1901 Livius
1041 1866 1220 1900 zuweilen
1243 1867 1294 1900 im
1316 1865 1406 1901 Sinn
1427 1878 1498 1902 von
1519 1878 1641 1913 coyere

888 1917 929 1957 (z.
951 1913 992 1948 B.
1022 1917 1054 1956 6,
1076 1917 1107 1956 2,
1131 1917 1190 1956 13;
1219 1918 1251 1958 9,
1276 1918 1305 1958 1,
1326 1916 1375 1950 4).

937 1965 968 1995 7.
995 1972 1100 2005 aegyre
1124 1961 1268 2007 habuit]
1297 1960 1375 1996 scil.
1397 1962 1530 2006 plebes.

932 2009 972 2043 id
999 2009 1228 2043 laudabilius
1248 2009 1341 2055 erat]
1364 2009 1398 2043 d.
1411 2008 1445 2044 h.
1462 2008 1523 2043 die
1541 2008 1640 2043 That

884 2055 949 2090 des
966 2054 1108 2100 jungcn
1124 2055 1286 2090 Manlius
1307 2056 1434 2091 schien
1453 2056 1525 2092 den
1545 2055 1639 2091 Leu—

884 2105 948 2138 ten
978 2115 1039 2137 um
1067 2114 1107 2138 so
1132 2104 1409 2148 lobenswerter‚
1437 2105 1591 2139 weil...

933 2153 964 2184 8.
993 2161 1126 2186 causae
1158 2151 1287 2197 dictio]
1321 2151 1639 2196 Verantwortung

885 2209 952 2232 vor
961 2196 1414 2244 Gericht,Verteidigung.
1433 2200 1535 2234 Caes.
1546 2199 1580 2234 b.
1595 2198 1637 2234 G.

889 2249 919 2288 1,
941 2249 975 2287 4,
996 2249 1029 2279 2.

934 2296 965 2328 9.
992 2293 1109 2339 nunc]
1143 2292 1260 2328 Nicht
1291 2294 1419 2338 lange,
1455 2293 1639 2328 nachdem

885 2338 1012 2374 Livius
1027 2340 1106 2375 dies
1118 2340 1363 2386 gesehrieben
1377 2341 1496 2384 hatte,
1511 2342 1638 2376 wurde

885 2386 945 2421 die
986 2388 1105 2422 Saehe
1143 2389 1346 2433 geiindert‚
1392 2389 1518 2424 iudem
1564 2388 1638 2423 alle

883 2434 1195 2515 Kriegstribunen
1215 2446 1301 2470 vom
1322 2435 1454 2471 Kaiser
1481 2437 1638 2470 ernannt

884 2493 977 2515 wurc
993 2494 1048 2516 en.

930 2529 1107 2575 Rufulos]
1143 2529 1227 2571 Vgl.
1255 2528 1567 2565 Pseudo-Ascon.
1593 2541 1638 2564 zu

883 2574 956 2611 Cic.
978 2577 1058 2610 Act.
1082 2578 1098 2611 l
1124 2577 1163 2610 in
1191 2575 1292 2611 Verr.
1316 2581 1378 2611 30:
1406 2578 1637 2612 tribzmormn

884 2623 1105 2658 militarium
1155 2624 1227 2658 duo
1276 2635 1426 2669 yenera,
1471 2625 1637 2669 primum

885 2680 1006 2705 eorum
1036 2672 1100 2715 qni
1131 2670 1269 2713 Rnsulc'
1300 2672 1497 2712 elimentur,-
1532 2672 1571 2705 let
1598 2672 1638 2706 in

885 2719 1045 2752 eaeereitu
1072 2719 1189 2753 creari
1213 2719 1346 2762 solent;
1378 2719 1446 2753 alii
1470 2722 1556 2753 sunt
1581 2729 1638 2754 co-

883 2765 1043 2808 mitiati,
1080 2766 1144 2809 qui
1175 2765 1313 2801 Romae
1351 2767 1508 2801 comitiis
1546 2767 1637 2801 desi-

887 2815 1063 2857 quantur.

933 2860 974 2894 in
993 2870 1056 2894 sea:
1076 2859 1179 2905 Ioez's]
1203 2860 1326 2894 ‘unter
1341 2860 1447 2896 sechs
1463 2860 1620 2896 Stellen’

1306 2919 1351 2941 ἢ*
