1794 3084
76 127 101 146 a.
123 119 174 146 Ch.
195 127 222 146 n,
243 121 303 146 350.

587 111 733 146 LIBER
758 112 837 149 VII.
889 113 990 149 CAP.
1019 117 1074 148 23.
1102 116 1158 149 24.
1593 114 1648 155 53

75 219 244 260 demitti
283 233 436 275 agmen
481 220 590 261 vidit
628 223 670 262 et
708 236 804 263 cum
843 222 925 264 loci
966 223 1195 264 altitudine
1234 225 1326 264 tum
1364 222 1478 264 vallo
1519 223 1649 264 etiam

73 278 165 333 tegi
189 277 424 332 Romanos,
451 279 672 333 perculsos
700 295 858 334 pavore
885 284 982 323 rata
1009 283 1137 323 simul
1166 282 1510 336 opportuniores,
1538 282 1649 335 quod

74 337 233 379 intenti
271 341 364 379 tum
403 339 590 380 maxime
630 341 749 393 operi
790 344 954 394 essent,
999 342 1109 383 truci
1156 341 1343 383 clamore
1389 340 1647 397 adgreditur.

74 397 128 437 ab
155 396 363 439 Romanis
395 412 474 438 nee
508 412 614 452 opus
648 398 943 441 intermissum
969 425 1016 429 —
1041 400 1181 442 triarii
1215 404 1351 456 erant,
1382 401 1454 455 qui
1485 401 1648 442 munie-

76 456 182 498 bant
200 481 276 507 —‚
310 459 352 498 et
391 457 444 498 ab
483 456 670 499 hastatis
710 459 1082 514 principibusque,
1127 460 1199 515 qui
1241 475 1320 515 pro
1360 460 1651 502 munitoribus

73 514 234 557 intenti
262 516 502 571 armatique
536 519 761 570 steterant,
794 519 1008 573 proelium
1042 520 1206 561 initum.
1248 522 1419 574 praeter
1444 520 1651 561 virtutem
1679 530 1699 561 8

78 574 199 617 locus
239 590 407 630 quoque
448 576 643 631 superior
682 577 867 632 adiuvit,
906 580 955 619 ut
992 577 1081 632 pila
1121 579 1266 620 omnia
1297 579 1534 634 hastaeque
1566 594 1653 621 non

76 637 299 689 tamquam
334 649 383 676 ex
418 649 555 690 aequo
589 635 722 677 missa
754 651 881 691 vana,
916 638 1029 692 quod
1062 638 1314 693 plerumque
1346 638 1407 692 fit,
1440 639 1653 692 caderent,

79 693 152 735 sed
181 695 327 735 omnia
353 694 514 736 librata
539 695 802 749 ponderibus
836 697 1090 752 figerentur,
1123 698 1373 753 oneratique
1400 698 1498 738 telis
1527 697 1654 753 Galli,
1679 708 1699 739 9

80 753 239 808 quibus
285 756 360 795 aut
404 768 585 809 corpora
630 755 838 797 transfixa
879 758 954 797 aut
996 760 1284 812 praegravata
1327 756 1653 799 inhaerentibus

80 813 293 867 gerebant
326 816 461 868 scuta,
493 828 589 855 cum
617 829 741 856 cursu
769 830 904 869 paene
931 816 975 856 in
1003 815 1227 858 adversum
1258 816 1489 870 subissent,
1514 817 1653 871 primo

34 895 41 901 -
78 871 235 914 incerti
267 873 484 926 restitere3
524 873 640 926 dein,
680 888 775 916 cum
809 874 904 929 ipsa
943 876 1160 917 cunctatio
1201 878 1243 917 et
1274 876 1342 917 his
1377 875 1544 917 animos
1577 876 1654 918 mi·
1684 886 1726 917 10

81 932 247 973 nuisset
280 935 321 973 et
356 933 547 974 auxisset
577 933 713 987 hosti,
754 934 929 988 impulsi
961 938 1076 976 retro
1111 950 1233 976 ruere
1267 935 1340 976 alii
1374 949 1503 990 super
1535 936 1656 991 alios,

81 994 357 1047 stragemque
390 992 504 1033 inter
536 1007 581 1033 se
609 993 735 1034 caede
763 993 859 1047 ipsa
884 994 1117 1036 foediorem
1146 994 1265 1049 dare3
1297 994 1402 1036 adeo
1429 995 1654 1050 praecipiti

78 1051 208 1093 turba
241 1051 392 1092 obtriti
426 1052 570 1106 plures
605 1067 734 1107 quam
760 1052 874 1094 ferro
906 1054 1059 1095 necati.

197 1109 393 1152 Necdum
427 1115 545 1152 certa
572 1111 781 1153 Romanis
808 1113 989 1154 victoria
1016 1115 1125 1167 erat3
1159 1113 1244 1155 alia
1276 1113 1321 1155 in
1351 1128 1549 1169 campum
1583 1114 1652 1156 de-
1667 1113 1726 1154 24

79 1170 240 1224 gressis
273 1174 498 1225 supererat
535 1172 691 1227 moies3
729 1187 914 1227 namque
952 1173 1185 1214 multitudo
1220 1172 1442 1215 Gallorum
1483 1188 1654 1215 sensum
1681 1183 1700 1214 2

78 1244 250 1272 omnem
288 1230 390 1271 talis
431 1230 579 1271 damni
619 1245 902 1286 exsuperans,
947 1233 1064 1273 velut
1101 1247 1214 1274 nova
1250 1247 1397 1274 rursus
1436 1233 1655 1275 exoriente

80 1289 185 1344 acie,
211 1289 429 1344 integrum
452 1290 636 1331 militem
664 1291 869 1333 adversus
896 1291 1103 1334 victorem
1130 1292 1300 1334 hostem
1329 1292 1482 1335 ciebat.
1515 1292 1652 1334 stetit-
1680 1302 1700 1333 3

76 1430 144 1465 hat
171 1429 233 1464 bei
258 1429 436 1476 m'assiger
462 1431 591 1475 Lange
628 1431 744 1466 durch
771 1431 831 1466 die

76 1476 258 1522 Haufung
302 1479 636 1523 untergeordneter
672 1478 831 1514 Bestim-

77 1536 243 1571 mungen
265 1525 380 1560 etwas
402 1525 716 1571 Schwerfalliges.
762 1527 832 1560 Zur

74 1571 365 1619 Erleichterung
385 1574 450 1608 der
460 1564 717 1618 Ubersetzung
730 1573 831 1608 kann

73 1631 162 1655 man
198 1631 280 1655 eum
309 1650 315 1656 .
338 1650 344 1656 .
369 1648 376 1655 .
403 1622 634 1666 explic-uisset
665 1624 831 1656 ersetzen

75 1667 192 1703 durch
228 1668 407 1712 explicuit
438 1668 513 1703 und
545 1668 608 1703 bei
636 1673 831 1714 postquam

76 1715 185 1751 einen
212 1726 333 1750 neuen
360 1716 445 1751 Satz
471 1715 675 1759 beginnen.

120 1764 162 1798 in
189 1763 360 1808 aequum]
387 1762 472 1808 Vgl.
500 1763 593 1808 Kap.
623 1767 679 1807 14,
709 1767 762 1799 10.

124 1811 426 1856 opportuniores]
496 1810 654 1846 leichter
721 1822 831 1846 anzu-

75 1858 230 1903 greit'en.

126 1910 157 1941 7.
184 1905 329 1952 triarii]
358 1904 443 1950 Vgl.
465 1917 509 1940 zu
536 1907 628 1950 Kap.
653 1909 706 1949 16,
729 1910 760 1941 6.

122 1953 351 1999 muniebant]
380 1953 475 1987 ohne
502 1952 659 1999 Objekt„
691 1955 831 1988 ‘waren

77 2000 149 2036 mit
163 2001 233 2035 den
250 2000 442 2035 Schanzen
456 2000 716 2046 beschaftigt’.
743 2000 830 2046 Vgl.

77 2048 133 2083 Ne
165 2076 172 2083 .
200 2051 232 2091 2,
255 2052 290 2091 6,
312 2052 344 2083 5.

130 2059 161 2131 ἕ
188 2095 303 2142 vana]
333 2095 628 2141 ‘wirkungslos'‚
655 2095 832 2141 pradika-

77 2143 178 2178 tives
203 2142 382 2188 Adjektiv
408 2143 470 2178 bei
496 2145 632 2179 eadere.
674 2144 757 2189 Vgl.
774 2148 831 2187 21,

74 2192 113 2233 8,
143 2194 163 2225 9
201 2192 305 2226 ‘nullo
339 2192 435 2226 inter
471 2203 575 2226 arma
612 2202 833 2236 corporaque

78 2249 173 2273 vano
198 2239 440 2274 intercidente
465 2239 544 2274 telo.

124 2285 308 2332 caderent]
338 2286 418 2320 ‘zur
440 2285 534 2321 Erde
555 2286 695 2330 fielen',
721 2286 828 2321 nicht

77 2331 116 2367 in
153 2333 224 2367 den
263 2332 392 2368 Schild
438 2333 525 2368 oder
564 2334 707 2378 Korper
751 2334 827 2368 ein-

75 2379 254 2425 drangen.
323 2380 550 2425 Gegensatz:
614 2382 822 2426 fiqere‘ntur,

74 2426 257 2471 hafteten,
285 2428 436 2463 stecken
462 2427 623 2463 blieben.

123 2474 275 2521 librata]
292 2474 552 2520 adjektivisch⁷
570 2474 622 2509 ‘in
639 2475 825 2520 Schwung

76 2523 400 2567 gesetzt‚wuchtig
407 2523 523 2557 durch
533 2523 612 2557 ihre
623 2521 824 2557 Schwere’.

76 2567 162 2614 Vgl.
189 2572 245 2613 30,
276 2573 330 2614 10,
359 2574 401 2605 13
427 2571 577 2616 yravior
603 2581 645 2605 ae
668 2571 826 2614 pondere

77 2615 155 2660 ipso
188 2617 358 2652 libratior
389 2628 543 2662 superne
575 2629 619 2652 ex
645 2618 826 2653 onerariis

79 2664 172 2698 ictus
196 2668 284 2699 erat.

129 2714 160 2745 9.
188 2712 334 2758 quibus]
363 2711 440 2746 scil.
468 2713 558 2746 telis.
719 2750 725 2757 ,

126 2758 415 2805 inhaerentibus]
455 2759 611 2794 Ablativ
641 2759 680 2794 in
713 2749 829 2794 Uber-

81 2803 346 2851 einstimmung
371 2808 441 2841 mit
465 2807 607 2851 quibus.

127 2853 311 2899 yerebant]
333 2853 448 2888 durch
469 2854 528 2888 ein
549 2854 713 2899 Zeugma
733 2854 829 2889 auch

81 2896 151 2933 mit
185 2898 269 2935 dem
305 2900 444 2946 Objekt
479 2911 630 2946 corpora
670 2914 713 2936 zu
749 2913 829 2937 ver-

904 1431 1053 1467 binden.
1100 1432 1170 1467 Zur
1184 1431 1387 1467 leiehteren
1404 1432 1655 1478 Wiedergabe

904 1479 1006 1514 kann
1036 1491 1123 1515 man
1155 1491 1193 1515 es
1230 1480 1347 1515 durch
1372 1483 1450 1515 erat
1476 1483 1654 1515 ersetzen.

952 1528 993 1562 in
1029 1527 1235 1573 adversum]
1290 1527 1374 1562 ‘auf
1413 1527 1473 1562 die
1517 1527 1654 1563 Hohe’.

906 1578 937 1618 1,
954 1578 1008 1618 12,
1024 1580 1038 1610 1
1062 1577 1103 1610 in
1117 1577 1307 1610 adversum
1323 1575 1486 1610 Romam·
1504 1576 1652 1611 subiere.

955 1626 1008 1657 10.
1043 1623 1210 1668 impulsi]
1255 1635 1337 1657 zum
1372 1622 1555 1657 Weichen
1591 1633 1655 1669 ge-

904 1669 1048 1713 bracht,
1076 1670 1414 1715 zurfickgeworfen.

951 1717 1075 1763 super]
1103 1717 1140 1752 in
1166 1717 1482 1762 ursprsinglicher‚
1509 1716 1655 1752 lokaler

904 1764 1139 1809 Bedeutung‚
1168 1765 1238 1800 wie
1265 1769 1320 1808 37,
1334 1768 1389 1809 43,
1407 1771 1426 1800 9
1454 1776 1534 1800 eum
1558 1766 1656 1800 velut

905 1813 1002 1847 eaeei
1028 1823 1136 1857 super
1163 1813 1256 1848 alios
1282 1814 1351 1847 alii
1375 1817 1531 1848 ruerent.
1583 1812 1654 1847 Zu-

905 1858 1038 1894 weilen
1064 1860 1200 1894 nimmt
1223 1871 1332 1904 super
1357 1860 1395 1894 in
1423 1860 1545 1895 dieser
1564 1859 1654 1895 Ver-

904 1906 1076 1953 bindung
1107 1907 1315 1953 temporale
1348 1908 1569 1952 Bedeutung
1595 1919 1653 1951 an,

905 1955 973 1989 wie
1013 1958 1051 1999 6,
1075 1959 1173 1998 10,8
1211 1959 1263 1990 tot
1300 1966 1408 2001 super
1446 1956 1523 1990 alia
1567 1955 1654 1990 aliis

905 2002 1015 2038 bellis.

951 2053 1106 2095 stroyem
1133 2080 1139 2086 .
1164 2078 1171 2086 .
1194 2079 1200 2085 .
1229 2051 1333 2098 dare]
1377 2049 1489 2085 Diese
1515 2049 1654 2085 Phrase

904 2097 1022 2131 findet
1054 2097 1133 2132 sich
1162 2099 1341 2134 zuweilen
1368 2099 1423 2142 (4,
1451 2101 1508 2140 30,
1529 2101 1550 2133 8
1577 2098 1654 2132 und

906 2148 969 2187 33,
996 2148 1034 2187 83
1063 2149 1098 2189 8,
1128 2149 1190 2189 30,
1219 2150 1255 2187 6;
1283 2150 1347 2189 21,
1373 2150 1437 2189 32,
1464 2146 1505 2190 8)
1531 2144 1653 2180 neben

905 2195 1060 2237 stragem
1091 2194 1209 2236 faeere
1240 2193 1318 2227 und
1351 2197 1507 2238 strayem
1541 2193 1653 2227 edere.

953 2240 1048 2275 inter
1081 2251 1116 2275 se
1148 2241 1282 2285 gehort
1313 2254 1356 2276 zu
1394 2240 1480 2275 dem
1512 2239 1656 2285 Begriff

900 2290 1054 2331 strayem
1104 2289 1212 2323 dare:
1267 2288 1350 2323 eine
1408 2287 1652 2332 grasslichere

900 2332 1145 2380 Niederlage,
1179 2335 1233 2370 als
1265 2336 1331 2371 das
1359 2335 1551 2370 Gemetzel
1577 2345 1651 2369 von

900 2381 1019 2416 seiten
1063 2383 1129 2417 der
1173 2382 1330 2427 Feinde,
1375 2382 1560 2418 richteten
1599 2381 1653 2417 sie

901 2428 1019 2464 selbst
1043 2431 1333 2466 untereinander
1359 2441 1417 2465 an.

947 2477 1050 2523 adeo]
1078 2477 1162 2522 Vgl.
1194 2478 1282 2522 Kap.
1307 2483 1338 2519 7,
1360 2482 1392 2512 2.

947 2523 1009 2560 24.
1065 2529 1092 2560 1.
1119 2525 1244 2571 moles]
1272 2525 1403 2568 Mfihe‚
1430 2524 1576 2569 Kampf.

946 2574 979 2606 2.
999 2572 1095 2607 velut
1110 2598 1137 2608 ..
1152 2601 1158 2608 .
1173 2572 1266 2618 acie]
1292 2572 1369 2607 ‘als
1391 2572 1495 2607 stehe
1510 2571 1655 2605 wieder

902 2617 984 2653 eine
1023 2629 1118 2653 neue
1158 2619 1511 2663 Schlachtordnung
1553 2617 1650 2653 auf’.

902 2676 1032 2700 rursus
1046 2666 1096 2700 ist
1115 2666 1371 2711 pleonastisch
1392 2665 1651 2709 hinzugeffigt,

902 2724 964 2747 um
993 2712 1053 2748 die
1075 2713 1371 2758 Wiederholung
1397 2713 1462 2747 des
1482 2712 1650 2758 Angriffs

903 2772 947 2794 zu
972 2760 1146 2795 betonen.

950 2807 1132 2852 iuteyrum
1148 2807 1311 2854 militem]
1328 2807 1483 2842 frisches
1500 2806 1651 2853 Kriegs-

904 2854 1004 2889 volk.

953 2902 1084 2948 ciebat]
1099 2904 1215 2938 setzte
1229 2903 1266 2937 in
1278 2902 1327 2938 Be
1334 2913 1504 2948 wegung,
1515 2901 1652 2937 ffihrte.
