1794 3084
179 125 234 166 98
731 125 876 161 LIBER
901 127 944 161 V.
988 125 1089 161 CAP.
1115 129 1171 161 54.

107 235 164 274 54

1531 143 1558 162 a.
1578 144 1607 163 u.
1625 144 1650 163 ο.
1669 138 1732 165 864.

298 232 406 282 Quid
446 232 649 275 tandem?
689 233 723 274 si
761 232 928 286 fraude,
968 234 1004 274 si
1046 248 1146 274 casu
1177 233 1282 274 Veis
1314 233 1557 276 incendium
1589 238 1730 278 ortum

180 291 237 332 sit
268 296 496 346 ventoque,
535 294 582 332 ut
612 291 704 332 fieri
737 294 898 345 potest,
937 291 1091 332 diffusa
1123 292 1298 333 flamma
1330 306 1534 348 magnam
1565 296 1730 348 partem

177 350 295 391 urbis
330 351 541 402 absumat,
573 349 753 390 Fidenas
785 350 882 390 inde
915 353 990 391 aut
1017 350 1175 391 Gabios
1209 351 1389 392 aliamve
1421 365 1548 406 quam
1579 352 1729 394 urbem

131 421 151 451 2
177 409 413 463 quaesituri
447 423 605 459 sumus,
639 423 722 462 quo
750 408 1135 462 transmigremus?
1186 409 1290 450 adeo
1316 409 1423 450 nihil
1447 412 1566 451 tenet
1591 410 1729 452 solum

177 468 342 520 patriae
368 481 445 508 nec
471 467 575 508 haec
601 469 725 517 terra,
753 482 882 521 quam
909 470 1090 508 matrem
1117 467 1398 522 appellamus,
1425 468 1562 510 sedin
1585 483 1729 524 super-

129 538 149 568 3
176 526 267 566 ficie
305 526 521 580 tignisque
554 526 713 567 caritas
746 526 870 567 nobis
904 527 1070 579 patriae
1102 525 1288 579 pendet?
1334 527 1530 580 equidem
1562 527 1731 569 fatebor

175 584 309 637 vobis,
336 585 416 625 etsi
443 584 584 625 minus
610 584 791 625 iniuriae
818 588 985 626 vest-rae
1012 599 1139 638 quam
1159 598 1278 626 meae
1299 585 1559 626 calamitatis
1581 586 1729 627 memi-

175 643 290 684 nisse
322 644 458 685 iuvat:
498 658 593 684 cum
626 643 840 696 abessem,
879 643 1258 697 quotienscumque
1290 643 1433 697 patria
1463 643 1508 684 in
1540 646 1728 686 mentem

174 702 360 754 veniret,
400 702 506 743 haec
545 702 689 743 omnia
724 702 1024 755 occurrebant,
1062 702 1193 743 colles
1232 702 1455 756 campique
1493 704 1537 744 et
1566 702 1733 744 Tiberis

175 763 217 801 et
257 764 430 802 assueta
462 761 596 802 oculis
629 761 749 815 regio
783 763 824 801 et
856 760 937 802 hoc
969 760 1152 813 caelum,
1191 761 1268 801 sub
1302 775 1385 815 quo
1417 763 1547 802 natus
1579 760 1731 804 educa-

173 821 328 875 tusque
362 834 519 873 essem3
559 833 667 874 quae
700 833 793 868 vos,
827 818 1036 872 Quirites,
1066 833 1178 861 nunc
1211 821 1415 860 moveant
1444 820 1589 874 potius
1623 821 1728 862 cari-

173 879 262 919 tate
295 892 390 931 sua,
422 881 469 919 ut
500 878 709 918 maneatis
742 878 787 918 in
820 877 916 918 sede
949 881 1110 931 vestra,
1143 891 1270 931 quam
1303 880 1476 932 postea,
1508 893 1602 920 cum
1633 879 1730 920 reli-

125 949 146 979 4
173 937 352 990 queritis
385 951 492 989 eam,
524 939 743 977 macerent
774 936 994 977 desiderio.
1046 950 1133 977 non
1165 936 1253 977 sine
1286 950 1415 978 causa
1446 936 1488 977 di
1513 936 1730 979 homines-

173 1009 254 1048 que
286 995 399 1037 hunc
427 995 521 1036 urbi
548 994 791 1036 condendae
818 994 960 1035 locum
988 994 1220 1049 elegerunt,
1253 995 1557 1037 saluberrimos
1583 996 1726 1050 colles,

137 1055 330 1104 ,flumen
371 1056 679 1108 opportunum,
719 1067 802 1107 quo
841 1068 891 1093 ex
929 1053 1251 1094 mediterraneis
1290 1053 1396 1095 locis
1429 1053 1576 1108 fruges
1608 1054 1729 1096 deve-

169 1112 349 1164 hantur,
389 1126 472 1167 quo
513 1112 723 1154 maritimi
763 1115 1026 1153 commeatus
1066 1112 1351 1166 accipiantur,
1390 1126 1507 1153 mare
1538 1112 1728 1154 vicinum

169 1171 222 1212 ad
262 1171 588 1213 commoditates
634 1185 712 1211 nec
745 1171 983 1224 expositum
1014 1171 1149 1211 nimia
1179 1170 1502 1225 propinquitate
1536 1171 1589 1212 ad
1620 1172 1728 1226 peri·

170 1230 263 1271 cula
303 1230 508 1271 classium
547 1232 841 1282 externarum,
883 1229 1103 1283 regionem
1142 1228 1291 1270 Italiae
1330 1229 1536 1282 mediam,
1574 1230 1627 1271 ad
1665 1230 1727 1271 in-

122 1300 141 1331 5
169 1291 434 1330 crementum
478 1289 596 1329 urbis
641 1291 792 1328 natum
837 1289 959 1330 unice
1004 1288 1158 1329 locum.

1220 1290 1474 1342 argumento
1520 1290 1588 1329 est
1629 1289 1726 1343 ipsa

168 1347 422 1400 magnitudo
455 1350 544 1388 tam
577 1361 713 1388 novae
745 1346 876 1387 urbis.
928 1346 1253 1387 trecentesimus
1286 1346 1579 1401 sexagesimus
1606 1347 1727 1401 quin-

167 1408 236 1447 tus
277 1420 412 1447 annus
445 1406 581 1456 urbis,
623 1405 828 1458 Quirites,
861 1405 1022 1460 agitur3
1061 1405 1175 1445 inter
1205 1407 1273 1446 tot
1304 1405 1557 1447 veterrimos
1589 1420 1725 1460 popu-

166 1464 231 1506 los
276 1467 366 1506 tam
411 1465 482 1506 diu
524 1464 638 1505 bella
678 1463 844 1518 geritis,
890 1478 985 1505 cum
1024 1464 1206 1517 interea,
1250 1477 1301 1504 ne
1340 1463 1533 1518 singulas
1573 1464 1726 1519 loquar

167 1560 203 1599 1,
230 1560 267 1597 43
313 1560 374 1600 22,
402 1560 464 1599 24,
492 1561 529 1597 63
569 1559 630 1598 28,
658 1558 722 1599 28,
751 1559 810 1598 113
850 1559 907 1600 37,

167 1607 221 1644 14,
248 1607 287 1645 53
322 1607 378 1647 38,
405 1607 461 1647 47,
488 1609 519 1638 4.
558 1603 651 1646 Kap.
679 1606 735 1645 51,
764 1606 793 1636 1.

212 1649 275 1685 54.
304 1654 334 1685 1.
366 1650 514 1696 fraude]
555 1650 651 1684 auch
687 1649 748 1683 bei
781 1648 906 1683 Cicero

165 1696 345 1731 zuweilen
371 1697 410 1731 in
436 1697 500 1731 der
527 1696 815 1741 allgemeineren
842 1696 907 1730 Be-

164 1744 329 1789 deutung
356 1744 631 1786 ‘Verbrechen,
659 1743 819 1777 Tfieke’.

211 1795 241 1826 2.
269 1791 379 1837 tenet]
404 1791 508 1825 ‘halt
526 1790 611 1834 fest,
637 1790 803 1832 fesselt’,
829 1789 907 1825 scil.

162 1848 237 1873 nos.
287 1842 343 1881 21,
371 1841 426 1881 26,
456 1841 474 1872 7
507 1848 594 1882 quos
625 1838 721 1872 sedes
745 1847 831 1871 suae
856 1840 902 1871 te-

161 1889 337 1920 nuera‘nt.

208 1931 412 1977 superficie]
422 1931 527 1966 nicht
534 1930 630 1966 bloss
639 1931 650 1948 ς
657 1930 903 1974 Oberflache’,

162 1980 323 2013 sondern
349 1978 454 2019 alles,
480 1989 556 2012 was
576 1979 666 2013 fiber
687 1977 759 2012 den
779 1977 903 2012 Boden

160 2025 391 2069 hinausragt,
418 2025 498 2059 hier
525 2024 606 2059 ‘die
628 2025 804 2059 Bauten’.
841 2025 903 2058 Di-

160 2074 250 2116 gest.
273 2076 329 2115 41,
351 2077 382 2115 3,
405 2076 448 2106 23
475 2083 555 2106 cum
575 2072 677 2106 aedes
697 2082 741 2106 ex
761 2072 903 2106 duabus

159 2120 264 2154 rebus
290 2123 462 2160 constent,
489 2130 532 2152 ex
556 2119 630 2153 solo
656 2122 687 2152 et
707 2119 902 2162 superficie.

208 2169 241 2201 3.
268 2176 364 2200 meae
383 2165 619 2210 calamitatis]
649 2164 813 2198 namlich
833 2164 902 2199 wie

159 2212 220 2247 ich
241 2212 335 2246 auch
357 2224 420 2246 zur
435 2211 515 2246 Zeit
535 2212 674 2246 meines
690 2211 902 2255 Unglfiekes

159 2259 257 2293 mich
271 2259 367 2293 nach
382 2258 523 2292 meiner
530 2258 746 2293 Vaterstadt
761 2258 902 2293 sehnte.

206 2306 326 2350 iuvat]
366 2305 463 2339 hier:
504 2315 541 2339 es
574 2305 743 2348 frommt,
781 2306 901 2346 nfitzt;

159 2352 397 2397 gewohnlich
426 2352 485 2386 ‘es
511 2351 560 2386 ist
586 2352 817 2386 erfreulich’.

204 2399 356 2444 veniret]
389 2398 467 2433 scil.
494 2399 602 2440 mihi,
638 2398 901 2433 Coniunctivus

157 2445 354 2481 iterativus
382 2446 471 2490 (vgl.
497 2446 589 2489 Kap.
621 2450 649 2489 1,
672 2446 718 2489 7).

205 2496 348 2528 assueta
373 2492 504 2538 oculis]
537 2509 581 2521 -—-
614 2504 686 2537 qua
718 2493 813 2526 oculi
845 2502 900 2526 as-

155 2543 355 2576 sueverant.
407 2538 490 2584 Vgl.
519 2539 611 2584 Kap.
639 2542 695 2582 48,
716 2543 748 2573 3.

204 2585 374 2632 caritate]
394 2586 432 2620 in
453 2586 635 2630 passivem
653 2585 752 2629 Sinn,
781 2585 898 2620 ‘hohe

156 2633 363 2678 Achtung’.
435 2632 542 2667 Sinn:
589 2632 750 2677 ‘infolge
795 2644 899 2667 eurer

155 2679 473 2724 Anhanglichkeit
497 2691 544 2714 an
570 2679 792 2714 dieselben’.

202 2727 394 2772 desiderio]
425 2726 672 2762 ‘Heimweh'.

202 2777 234 2807 4.
259 2773 532 2819 saluberrimos]
553 2773 830 2817 im‘Gegensatz
850 2784 895 2807 zu

154 2820 226 2854 den
252 2820 458 2865 sumpfigen
483 2820 758 2864 Niederungen.

202 2868 287 2912 quo]
309 2867 434 2901 Ablat.
456 2867 519 2902 des
538 2867 674 2911 Weges
695 2866 782 2910 (vgl.
800 2866 894 2911 Kap.

981 1559 1036 1598 35,
1059 1557 1106 1599 2).
1134 1576 1177 1579 —
1203 1555 1278 1589 Der
1303 1555 1531 1590 Relativsatz
1557 1555 1726 1590 bezeich-

980 1604 1044 1636 net
1080 1602 1175 1636 nach
1213 1605 1439 1646 opportunius
1477 1602 1549 1636 den
1581 1602 1724 1647 Zweck,

980 1649 1048 1683 wie
1074 1648 1170 1682 nach
1194 1649 1356 1683 idoneus.

1027 1696 1187 1730 vicinum
1206 1695 1270 1740 ad]
1291 1694 1387 1730 nahe
1406 1705 1532 1740 genug
1551 1707 1595 1730 zu
1614 1695 1722 1730 aller-

985 1742 1034 1777 lei
1059 1741 1263 1777 Vorteilen.

1028 1788 1244 1834 appositum]
1270 1789 1309 1823 in
1328 1788 1578 1824 rhetorischer
1595 1789 1721 1824 Weise

979 1836 1045 1870 auf
1076 1847 1176 1870 mare
1212 1837 1385 1880 bezogen.
1435 1836 1508 1870 Der
1543 1835 1720 1871 Gedanke

976 1884 1027 1917 ist
1058 1883 1252 1917 zunachst:
1284 1893 1348 1917 nec
1378 1883 1433 1917 ita
1462 1883 1641 1927 vicinum,
1679 1886 1722 1918 ut

976 1931 1064 1964 urbs
1087 1931 1205 1964 ‘nimia
1226 1930 1502 1974 propinquitate
1525 1930 1640 1964 maris
1657 1940 1716 1964 εω-

970 1978 1095 2022 posita
1118 1977 1166 2011 sit
1185 1977 1362 2020 periculis
1387 1979 1457 2011 ete.

1024 2025 1073 2058 ad
1093 2023 1275 2068 pericula]
1303 2023 1373 2057 den
1394 2022 1580 2057 Gefahren
1599 2022 1718 2057 feind-

977 2070 1092 2104 licher
1124 2070 1291 2114 Angriffe
1329 2080 1402 2104 von
1441 2070 1506 2103 der
1537 2069 1606 2104 See
1637 2068 1716 2104 her.

977 2117 1119 2161 Wegen
1146 2116 1210 2150 des
1238 2117 1286 2150 acl
1310 2116 1383 2159 vgl.
1407 2119 1438 2157 9,
1457 2119 1514 2159 35,
1536 2119 1556 2150 6
1576 2117 1718 2161 exposi-

977 2168 1030 2198 tos
1055 2164 1104 2198 ad
1128 2165 1241 2206 ταας,-
1267 2166 1323 2206 42,
1346 2166 1401 2206 23,
1423 2166 1443 2196 9
1468 2166 1586 2198 tutam
1609 2164 1719 2198 servi-

976 2214 1086 2244 tutem
1103 2220 1139 2244 se
1157 2210 1221 2244 sub
1243 2210 1398 2243 dominis
1411 2209 1590 2245 Romanis
1608 2221 1717 2255 quam

976 2258 1172 2292 libertatem
1187 2257 1386 2300 expositam
1397 2257 1446 2291 ad
1455 2257 1617 2292 iniust-ias
1629 2257 1678 2291 M
1677 2268 1716 2292 a—

974 2305 1128 2339 sinissae
1151 2303 1267 2337 malle.

1023 2354 1053 2385 5.
1094 2349 1319 2395 argumento]
1361 2349 1525 2384 namlich
1560 2349 1619 2384 fiir
1654 2349 1717 2385 die

979 2396 1152 2442 gfinstige
1177 2396 1277 2440 Lage
1303 2397 1428 2431 Roms.

1021 2443 1155 2488 annus]
1195 2442 1299 2477 Auch
1335 2443 1433 2478 nach
1467 2447 1500 2487 7,
1528 2446 1582 2487 18,
1609 2447 1626 2477 1
1663 2442 1714 2478 ist

974 2492 1039 2526 das
1052 2490 1142 2524 Jahr
1162 2489 1226 2524 der
1246 2488 1452 2524 Einnahme
1464 2489 1576 2524 Roms
1596 2488 1712 2524 durch

973 2537 1033 2573 die
1059 2536 1197 2572 Gallier
1222 2536 1288 2570 das
1309 2540 1388 2571 365.
1414 2536 1480 2570 der
1499 2536 1617 2571 Stadt.
1643 2536 1712 2571 Die

971 2584 1073 2619 Fasti
1099 2582 1301 2628 Capitolini
1326 2582 1548 2618 bezeichnen
1584 2593 1623 2617 es
1653 2582 1709 2617 als

972 2632 1036 2665 das
1074 2631 1166 2666 Jahr
1203 2633 1269 2664 363
1309 2630 1417 2673 (nach
1452 2630 1518 2664 der
1542 2629 1711 2673 Zahlung

969 2678 1034 2712 des
1060 2677 1177 2721 Cato).
1226 2675 1333 2710 Nach
1359 2675 1486 2719 Varro,
1513 2675 1598 2711 dem
1622 2686 1710 2710 man

965 2725 1059 2770 jetzt
1083 2724 1189 2768 folgt,
1216 2723 1265 2757 ist
1290 2733 1327 2757 es
1354 2723 1418 2757 das
1438 2723 1529 2757 Jahr
1549 2725 1618 2757 364
1643 2721 1711 2756 der

969 2771 1086 2806 Stadt.

1015 2816 1158 2862 loquar]
1182 2816 1374 2851 ‘erwahne
1386 2820 1408 2860 ’,
1427 2816 1498 2850 mit
1516 2814 1616 2859 Ace„
1635 2814 1710 2849 wie

968 2865 1061 2910 Kap.
1089 2867 1121 2907 5,
1148 2867 1179 2898 6.
