1794 3084
102 145 128 163 a.
148 138 200 164 Ch.
220 145 249 164 n.
269 138 330 164 328.
349 138 409 163 327.

635 127 780 163 LIBER.
807 127 904 163 VIII.
951 128 1052 163 CAP.
1080 131 1138 163 23.

1613 128 1669 169 53

220 236 289 278 Ab
316 239 500 291 utroque
532 236 708 278 consule
742 236 944 291 exiguam
977 251 1098 291 spem
1130 236 1248 291 pacis
1276 250 1372 278 cum
1400 233 1667 278 Samnitibus
1681 235 1740 278 23

103 310 195 338 esse
227 296 382 338 certior
413 295 465 337 fit
497 298 684 337 senatus.
741 295 954 338 Publilius
987 296 1071 338 duo
1105 295 1224 337 milia
1255 294 1528 338 Nolanorum
1561 295 1670 337 mili-

102 358 195 397 tum
234 357 278 396 et
316 358 521 410 quattuor
561 353 825 396 Samnitium
864 356 1003 410 magis
1037 355 1218 397 Nolanis
1253 355 1507 410 cogentibus
1541 370 1670 410 quam

103 415 330 456 voluntate
374 413 638 456 Graecorum
681 417 857 468 recepta
898 414 1121 469 Palaepoli
1160 414 1408 469 scripserat,
1446 413 1668 456 Cornelius
1698 425 1717 454 2

105 473 311 516 dilectum
355 473 567 516 indictum
613 488 638 514 a
682 473 1010 529 magistratibus
1063 474 1394 529 universumque
1449 472 1671 515 Samnium

102 535 290 575 erectum
317 548 365 575 ac
391 533 556 575 vicinos
583 532 780 587 populos,
807 533 1105 575 Privernatem
1132 533 1474 588 Fundanumque
1502 536 1545 574 et
1563 532 1670 575 For-

101 593 306 646 mianum,
337 592 454 634 haud
486 592 686 647 ambigue
720 591 961 634 sollicitari.

221 651 286 694 Ob
319 652 426 693 haec
457 665 554 693 cum
585 652 753 706 legatos
787 651 905 692 mitti
938 652 1172 705 placuisset
1204 652 1325 706 prius
1359 651 1411 693 ad
1439 650 1668 706 Samnites,
1698 662 1717 692 3

101 725 230 765 quam
262 711 424 752 bellum
456 710 597 763 fieret,
636 724 889 764 responsum
923 710 1116 753 redditur
1149 711 1202 752 ab
1236 710 1504 753 Samnitibus
1536 710 1666 752 ferox.

101 770 216 812 ultro
251 770 512 812 incusabant
543 769 721 811 iniurias
754 769 1069 824 Romanorum,
1117 784 1255 825 neque
1289 784 1338 811 eo
1370 770 1670 825 neglegentius
1698 779 1720 809 4

101 843 163 885 ea,
196 843 305 884 quae
337 829 444 884 ipsis
478 829 765 884 obicerentur,
796 829 1064 885 purgabant:
1095 828 1224 871 Haud
1256 829 1345 870 ullo
1373 829 1545 884 publico
1573 843 1671 871 con·
1699 838 1719 869 5

102 888 199 930 silio
234 888 450 931 auxiliove
481 888 623 930 iuvari
656 887 865 943 Graecos3
896 903 974 930 nec
1000 887 1256 930 Fundanum
1283 887 1620 930 Formianumve
1648 903 1672 929 a

107 962 153 989 se
185 948 465 1003 sollicitatos3
500 948 659 1003 quippe
687 948 863 989 minime
897 949 1117 1002 paenitere
1152 963 1196 990 se
1230 948 1384 989 virium
1418 962 1604 1000 suarum,
1637 948 1672 989 si

103 1006 266 1049 bellum
294 1008 472 1062 placeat.
525 1011 716 1048 ceterum
741 1022 828 1049 non
855 1022 980 1061 posse
1008 1007 1280 1049 dissimulare
1308 1021 1435 1062 aegre
1462 1006 1553 1061 pati
1573 1007 1671 1048 civi·
1700 1016 1720 1047 6

102 1068 239 1108 tatem
272 1065 547 1122 Samnitium,
579 1066 692 1121 quod
719 1066 941 1122 Fregellas
969 1081 1019 1108 ex
1040 1066 1214 1109 Volscis
1241 1069 1390 1122 captas
1424 1067 1672 1121 dirutasque

103 1125 158 1167 ab
193 1140 237 1167 se
269 1125 509 1168 restituerit
541 1125 763 1167 Romanus
796 1126 982 1180 populus
1015 1127 1314 1180 coloniamque
1341 1126 1385 1166 in
1412 1124 1671 1167 Samnitium

105 1199 210 1240 agro
237 1185 539 1239 imposuerint,
566 1200 696 1240 quam
717 1185 859 1227 coloni
887 1199 1034 1227 eorum
1060 1185 1280 1240 Fregellas
1308 1185 1545 1241 appellent3
1578 1199 1671 1226 eam

103 1259 148 1286 se
170 1245 478 1286 contumeliam
498 1244 803 1299 iniuriamque,
821 1244 867 1286 ni
890 1245 975 1286 sibi
996 1245 1049 1286 ab
1070 1245 1136 1299 iis,
1158 1245 1232 1300 qui
1253 1244 1444 1299 fecerint,
1465 1244 1672 1295 dematur,

102 1303 221 1359 ipsos
255 1304 372 1346 omni
406 1304 448 1345 vi
481 1303 738 1358 depulsuros
772 1319 877 1346 esse.

220 1361 330 1405 Cum
356 1362 581 1405 Romanus
609 1364 782 1419 legatus
809 1363 862 1405 ad
883 1363 1213 1417 disceptandum
1241 1378 1314 1405 eos
1342 1362 1396 1404 ad
1424 1375 1670 1404 communes

105 1422 246 1464 socios
279 1426 410 1477 atque
444 1422 606 1464 amicos
634 1425 826 1477 vocaret,
859 1421 986 1472 ‘Quid
1019 1423 1221 1478 perplexe
1255 1420 1482 1477 agimus?³
1514 1421 1674 1476 inquit3

105 1480 271 1524 ‘nostra
298 1482 548 1535 certamina,
574 1481 772 1537 Romani,
798 1497 888 1524 non
914 1482 1046 1523 verba
1071 1482 1317 1537 legatorum
1343 1495 1421 1522 nec
1446 1481 1673 1522 hominum

103 1541 331 1596 quisquam
364 1541 652 1596 disceptator,
686 1542 758 1583 sed
791 1556 970 1596 campus
1005 1539 1272 1594 Campanus,
1304 1541 1349 1582 in
1382 1555 1465 1594 quo
1499 1554 1674 1581 concur-

100 1601 283 1642 rendum
309 1603 387 1655 est,
420 1603 463 1642 et
489 1615 610 1642 arma
637 1602 681 1641 et
708 1601 948 1642 communis
974 1599 1091 1641 Mars
1117 1600 1220 1641 belli
1247 1600 1458 1642 decernet.
1490 1599 1671 1654 proinde

102 1728 167 1774 31,
188 1731 246 1772 47,
267 1732 305 1770 ὃς
339 1727 404 1775 33,
428 1732 482 1771 11,
505 1730 539 1773 7)
578 1727 668 1763 oder
705 1727 775 1762 mit
813 1729 854 1762 in

101 1787 131 1811 c.
146 1776 232 1810 Aee.
254 1774 447 1821 (23,16‚3;
475 1775 652 1822 25,20‚5;
677 1775 807 1822 30,28,
818 1776 852 1819 9)

102 1822 329 1858 verbunden.

153 1875 216 1911 23.
241 1880 270 1911 1.
304 1876 542 1922 Graecorum]
571 1892 615 1905 ==
643 1875 853 1921 Palaepoli-

102 1925 277 1958 tanorum
305 1924 393 1968 (vgl.
422 1923 513 1968 Kap.
541 1927 598 1966 22,
620 1925 666 1966 8).

150 1977 309 2022 recepta]
332 1988 380 2012 sc.
398 1987 480 2020 esse,
500 1976 569 2011 mit
579 1977 662 2011 Abl.
683 1977 851 2012 instrum.

104 2024 339 2068 (Palaepoli).
390 2023 475 2069 Vgl.
515 2024 585 2069 ⁶26,
607 2028 670 2067 25,
692 2028 733 2059 12
773 2036 853 2060 eum

103 2082 149 2106 'ne
174 2073 256 2116 quis
281 2072 382 2114 urbe,
409 2075 510 2115 tecto,
536 2082 671 2114 mensa,
697 2073 773 2107 lare
799 2083 852 2107 re-

101 2120 242 2164 ciperet.

152 2170 184 2201 2.
200 2178 224 2201 a
238 2166 532 2213 mayistratibus]
553 2177 601 2201 sc.
617 2165 853 2210 Samnitium,

102 2214 169 2249 auf
191 2214 424 2258 Anordnung
450 2214 514 2248 des
542 2214 810 2259 Bundestages.

151 2271 183 2302 3.
205 2267 422 2313 placuisset]
450 2278 499 2303 se.
526 2268 680 2302 senatui.

149 2323 181 2354 4.
210 2320 453 2365 obicerentur]
463 2319 729 2355 Coniunctivus
739 2319 851 2355 itera-

101 2367 201 2402 tivus
230 2367 335 2411 (Kap.
364 2370 397 2410 8,
418 2368 466 2411 9),
498 2368 564 2401 auf
586 2368 753 2402 mehrere
781 2367 848 2402 Be-

102 2413 402 2458 schuldigungen
430 2415 603 2450 deutend.

144 2467 376 2514 purgabant]
394 2468 588 2502 suchten
603 2480 646 2502 zu
661 2468 848 2503 entschul-

103 2515 229 2561 digen,
256 2526 300 2549 zu
325 2514 604 2559 rechtfertigen.

149 2571 182 2604 5.
207 2568 308 2603 haud
335 2596 342 2602 .
371 2594 377 2601 .
407 2596 413 2602 .
443 2567 614 2613 Graecos]
653 2567 722 2603 Die
755 2571 848 2603 4000

104 2615 299 2651 Samniten
324 2615 362 2650 in
378 2614 591 2660 Palaepolis
618 2626 742 2650 waren
768 2616 847 2650 also

103 2662 270 2698 Soldner.

149 2715 396 2761 Fundanum]
420 2714 647 2751 kollektiver
661 2715 847 2762 singular.

102 2762 186 2808 Vgl.
212 2762 306 2808 Kap.
334 2767 366 2807 3,
390 2767 419 2797 1.

149 2817 297 2852 minime
330 2817 515 2861 paenitere
551 2816 602 2861 se]
649 2816 701 2851 sie
746 2815 848 2852 seien

101 2863 356 2899 vollkommen
394 2863 583 2898 zufrieden
623 2863 713 2909 (vgl.
752 2864 847 2910 Kap.

103 2913 160 2956 21,
175 2912 222 2956 6).
258 2910 318 2946 Sie
339 2910 469 2946 fi'ihlen
490 2910 569 2945 sich
590 2910 693 2946 star-k
713 2922 848 2957 genug,

927 1727 1036 1763 einen
1074 1737 1194 1762 neuen
1233 1727 1348 1772 Krieg
1384 1726 1455 1761 mit
1493 1727 1587 1761 Rom
1628 1738 1673 1760 zu

926 1775 1069 1810 ftihren.

975 1827 1005 1858 6.
1032 1833 1107 1857 ‘non
1128 1822 1247 1868 posse]
1276 1833 1324 1857 se.
1351 1833 1396 1857 se.

977 1869 1182 1916 Freyellas]
1211 1869 1294 1914 Vgl.
1323 1869 1414 1915 Kap.
1443 1873 1499 1913 22,
1521 1874 1553 1904 2.

973 1917 1192 1962 restituerit]
1232 1916 1275 1951 In
1307 1917 1378 1951 den
1412 1917 1672 1952 Nebensatzen

927 1964 1008 2000 sind
1023 1964 1082 1999 die
1097 1963 1282 2009 Tempora
1302 1964 1366 1999 der
1382 1964 1554 1999 direkten
1570 1964 1672 1999 Rede

927 2013 1113 2057 (restituit,
1133 2013 1369 2056 imposuistis,
1396 2012 1597 2056 appellant,
1623 2012 1672 2055 fe-

925 2064 1064 2103 cerunt,
1096 2060 1253 2094 demitur
1279 2059 1369 2094 oder
1394 2061 1568 2104 demetur)
1594 2058 1671 2094 bei-

925 2107 1114 2142 behalten.
1166 2107 1251 2151 Vgl.
1279 2106 1371 2152 Kap.
1399 2110 1456 2149 21,
1478 2111 1510 2142 6.

973 2155 1220 2199 coloniamque
1253 2183 1259 2189 .
1288 2182 1295 2189 .
1325 2182 1331 2189 .
1365 2154 1563 2200 appellent]
1608 2153 1671 2188 Er-

925 2201 1087 2248 kl'arung
1122 2201 1199 2236 und
1232 2200 1491 2246 Erweiterung
1523 2213 1567 2235 zu
1600 2201 1671 2236 den

925 2249 1082 2285 Worten
1121 2249 1312 2293 Freyellas
1354 2250 1552 2284 restituerit
1595 2248 1669 2284 Ro-

925 2308 1057 2332 manus
1086 2298 1264 2341 populus,
1301 2297 1443 2331 welche
1470 2296 1669 2331 bestritten

926 2345 1073 2380 werden
1100 2344 1278 2387 konnten,
1318 2344 1364 2379 da
1391 2343 1452 2379 die
1484 2343 1669 2378 romische

923 2392 1080 2427 Kolonie
1116 2391 1222 2426 nicht
1261 2390 1329 2426 auf
1355 2392 1420 2426 der
1455 2391 1571 2426 Stelle
1604 2390 1669 2425 des

924 2440 1027 2474 alten
1053 2439 1225 2484 Fregella
1251 2439 1372 2473 stand.

970 2490 1002 2522 8.
1030 2486 1222 2522 Romanus
1251 2486 1404 2532 leyatus]
1433 2503 1476 2515 =
1503 2496 1601 2520 uuus
1627 2496 1670 2520 ea:

923 2533 1102 2570 Romanis
1128 2535 1266 2579 leyatis.

970 2593 1172 2617 communes
1187 2608 1191 2612 .
1205 2609 1230 2616 ..
1246 2581 1395 2626 amicos]
1406 2581 1502 2615 etwa
1512 2578 1667 2614 dieHer-

921 2628 1046 2672 niker‚
1074 2629 1224 2672 Marser,
1258 2627 1432 2673 Paligner
1458 2627 1566 2672 (Kap.
1582 2629 1667 2671 6,8;

922 2679 977 2719 29,
999 2678 1046 2720 4).

962 2723 1150 2769 perplexe]
1179 2733 1401 2765 verworren,
1429 2721 1627 2756 versteckt.

971 2771 1106 2817 inquit]
1122 2782 1170 2805 so.
1187 2771 1334 2815 aliquis,
1349 2769 1414 2804 der
1429 2768 1668 2803 &Vortffihrer

923 2819 989 2853 der
1030 2819 1239 2859 Samnitem,
1279 2820 1344 2851 cler
1383 2817 1441 2851 die
1477 2815 1668 2850 Verband·

922 2866 1061 2910 lungen
1088 2865 1252 2900 leitende
1280 2863 1491 2901 magistrat.

964 2909 1666 2956 communisMarsbeIItJVgl.Kap.11,6.

1701 1195 1718 1225 7

1699 1372 1720 1403 8

1699 1609 1719 1641 9
