1794 3084
74 119 98 137 a.
121 112 172 138 Ch.
192 119 222 137 n.
240 112 302 137 356.

608 101 755 137 LIBER
781 101 842 136 VI.
893 100 994 137 CAP.
1024 106 1054 137 7.
1082 105 1113 137 8.
1584 101 1636 141 19

197 208 331 258 ‘Quae
357 210 550 263 tristitia,
582 211 756 263 milites,
786 209 902 263 haec,
936 224 1044 265 quae
1079 209 1257 251 insolita
1292 209 1509 250 cunctatio
1543 210 1637 250 est?

78 269 246 310 hostem
281 283 333 309 an
368 282 433 309 me
467 282 519 309 an
553 283 627 310 vos
661 268 900 324 ignoratis?
942 268 1080 310 hostis
1120 272 1184 309 est
1218 268 1318 323 quid
1354 268 1470 309 aliud
1510 283 1637 322 quam

76 330 284 383 perpetua
316 327 497 368 materia
539 327 711 368 virtut-is
752 328 998 383 gloriaeque
1038 327 1235 368 vestrae?
1279 341 1356 369 vos
1390 329 1540 368 contra
1573 341 1638 368 me
1666 339 1686 368 4

75 387 191 440 duce,
223 388 272 428 ut
297 385 492 428 Falerios
514 385 731 441 Veiosque
765 388 913 440 captos
948 389 990 427 et
1022 386 1066 427 in
1100 388 1225 440 capta
1257 386 1398 440 patria
1419 385 1638 427 Gallorum

75 446 267 501 legiones
307 459 453 486 caesas
498 448 683 511 taceam,
722 445 849 486 modo
888 445 1144 500 trigeminae
1183 445 1389 486 victoriae
1426 444 1639 500 triplicem

75 504 342 558 triumphum
388 518 437 545 ex
481 503 549 545 his
594 504 700 558 ipsis
740 503 929 557 Volscis,
974 518 1024 545 ex
1070 505 1228 558 Aequis
1275 507 1317 545 et
1369 518 1418 545 ex
1462 503 1639 545 Etruria

76 564 238 619 egistis.

302 577 356 604 an
389 577 475 616 me,
508 564 622 617 quod
655 577 742 604 non
775 563 962 604 dictator
982 563 1119 617 vobis,
1146 563 1217 604 sed
1239 563 1439 604 tribunus
1468 564 1637 617 signum

76 622 186 676 dedi,
211 636 297 664 non
317 622 550 676 agnoscitis
572 621 752 663 ducem?
785 636 921 676 neque
955 635 1034 677 ego
1068 622 1255 663 maxima
1281 622 1463 676 imperia
1493 622 1539 663 in
1565 636 1640 663 vos

76 681 281 734 desidero,
314 683 357 722 et
389 695 464 723 vos
498 681 542 722 in
572 695 638 722 me
675 680 785 722 nihil
818 682 988 735 praeter
1027 695 1093 722 me
1127 681 1267 735 ipsum
1306 681 1465 722 intue1i
1504 681 1640 734 decet,

75 754 211 794 neque
257 740 369 780 enim
422 739 636 782 dictatura
686 739 795 780 mihi
845 754 1049 794 umquam
1102 740 1267 781 animos
1319 740 1441 794 fecit,
1492 743 1540 781 ut
1590 754 1641 781 ne

76 799 249 841 exilium
292 798 463 853 quidem
505 799 679 841 ademit.

740 798 871 840 iidem
911 799 1045 854 igitur
1078 813 1225 840 omnes
1265 813 1425 852 sumus,
1467 802 1509 840 et
1548 813 1639 840 cum
1669 810 1689 841 6

75 858 223 900 eadem
255 858 402 900 omnia
439 858 485 898 in
517 857 599 899 hoc
632 858 791 899 bellum
825 858 1078 912 adferamus,
1111 872 1218 912 quae
1250 858 1293 898 in
1326 858 1470 912 priora
1497 858 1643 899 attuli-

77 932 184 971 mus,
217 917 396 958 eundem
430 920 629 958 eventum
662 917 765 958 belli
798 920 1106 971 exspectemus.

76 976 188 1031 quod
228 976 407 1031 quisque
447 976 595 1018 didicit
640 990 689 1017 ac
733 976 971 1030 consuevit,
1015 976 1167 1031 faciet3

73 1034 271 1089 fugient’.

1170 917 1297 958 simul
1331 917 1644 968 concurreritiS,

1217 990 1292 1018 vos
1338 976 1537 1029 vincetis,
1581 975 1645 1017 1111

195 1093 311 1134 Dato
333 1092 483 1134 deinde
508 1093 631 1148 signo
654 1107 703 1134 ex
731 1107 838 1147 equo
867 1093 1020 1145 desilit,
1055 1096 1097 1134 et
1122 1093 1362 1145 proximum
1390 1092 1646 1147 signiferum
1672 1098 1697 1139 8

77 1167 207 1194 manu
236 1155 456 1206 arreptum
485 1167 627 1193 secum
654 1153 697 1193 in
724 1152 893 1193 hostem
919 1152 1034 1206 rapit
1055 1151 1193 1206 einfer,
1219 1152 1370 1202 miles',

77 1210 297 1266 ‘signum'.

1416 1153 1644 1194 clamitans

359 1211 471 1265 quod
504 1212 577 1253 ubi
610 1211 753 1252 videre
786 1212 930 1266 ipsum
962 1209 1211 1265 Camillum,
1248 1211 1334 1252 iam
1375 1212 1428 1252 ad
1467 1225 1645 1252 munera
1673 1226 1692 1257 2

76 1270 269 1325 corporis
317 1272 489 1311 senecta
533 1270 780 1324 invalidum,
824 1270 1052 1311 vadentem
1096 1270 1142 1311 in
1184 1270 1345 1325 hostes,
1389 1273 1648 1325 procurrunt

73 1409 112 1444 in
138 1408 204 1444 der
222 1408 341 1444 Prosa
367 1410 488 1444 zuerst
513 1419 586 1444 von
605 1409 733 1444 Livius
749 1420 822 1454 ’86-

76 1456 245 1492 braucht.
296 1455 390 1501 Kap.
418 1460 473 1499 24,
496 1460 526 1491 7.

122 1504 268 1539 ordines
292 1504 572 1549 interequitans]
589 1520 632 1532 =
647 1504 743 1539 inter
768 1514 824 1539 or-

73 1551 175 1586 dines
201 1551 436 1595 perequitans
467 1551 557 1595 (vgl.
591 1550 693 1585 Caes.
728 1551 760 1585 b.
793 1561 823 1585 c.

75 1601 106 1642 1,
114 1601 171 1642 46,
184 1601 204 1632 3
225 1599 320 1633 inter
339 1599 433 1633 duas
452 1599 547 1633 acies
565 1599 822 1643 perequitans).

74 1626 151 1680 D⁷as
171 1645 335 1680 Verbum
363 1646 621 1690 interequitare
645 1646 696 1680 ist
722 1647 826 1680 sonst

72 1691 285 1728 intransitiv
312 1692 383 1737 (34,
407 1696 460 1736 15,
484 1695 544 1734 143
573 1695 629 1736 35,
651 1696 682 1736 5,
705 1695 775 1737 10).

120 1740 224 1785 quid]
250 1740 288 1774 in
309 1739 557 1774 auffallender
577 1739 702 1774 Weise
722 1739 821 1775 nach

73 1791 123 1823 est
147 1786 312 1832 gestellt.

119 1834 289 1879 materia]
337 1833 593 1877 Gegenstand,
638 1833 823 1877 MateriaI,

74 1880 224 1927 Objekt.
275 1880 360 1926 Vgl.
389 1880 462 1917 Cic.
496 1893 529 1925 p.
557 1880 636 1915 Mil.
665 1885 709 1915 35
736 1882 824 1926 quid

73 1927 204 1964 odisset
241 1928 410 1964 Clodium
449 1928 555 1969 Milo,
593 1932 739 1973 seqetem
779 1939 822 1963 ae

72 1976 255 2011 materiem
280 1986 369 2010 suae
393 1975 558 2019 yloriae?
593 1976 685 2020 Kap.
712 1979 768 2019 22,
791 1979 822 2010 6.

120 2027 153 2058 4.
181 2022 367 2068 Falerios]
396 2022 505 2057 Diese
534 2022 644 2057 stadt
663 2034 740 2057 war
754 2027 822 2057 394

71 2082 106 2105 V.
134 2070 216 2105 Chr.
253 2071 363 2104 unter
401 2070 466 2105 der
498 2070 720 2115 Anffihrung
759 2071 823 2105 des

73 2116 252 2153 Camillus
266 2129 328 2152 zur
342 2116 631 2162 Unterwerfung
652 2129 822 2162 gezwun—

72 2175 145 2211 gen
170 2165 329 2199 worden.

121 2215 244 2257 captos
270 2238 277 2245 .
302 2240 308 2246 .
332 2239 338 2245 .
369 2211 494 2258 capta]
538 2211 627 2246 Man
664 2212 822 2247 beachte

73 2259 145 2294 den
189 2258 382 2294 Chiasmus
432 2259 508 2294 und
551 2258 611 2293 die
656 2259 822 2294 111161161-

73 2306 215 2352 holung
247 2306 440 2341 desselben
473 2306 623 2341 Wortes
656 2306 726 2341 mit
758 2317 821 2340 an-

74 2354 180 2389 derer
204 2354 359 2389 Flexion
380 2353 507 2398 (Figur
526 2353 592 2388 der
611 2354 820 2398 traductio).

120 2401 239 2445 modo]
267 2401 359 2446 Kap.
387 2405 420 2444 4,
450 2405 479 2435 1.

120 2449 309 2493 victoriae]
331 2447 398 2482 Bei
413 2448 619 2492 triumphus
639 2448 739 2482 steht
758 2448 823 2483 der

75 2493 164 2530 Gen.
201 2506 248 2530 an
281 2495 429 2540 einigen
462 2494 602 2530 Stellen
639 2497 731 2529 statt
768 2496 823 2539 ob,

73 2543 128 2587 de,
153 2553 206 2578 ex.
240 2542 314 2578 Cic.
330 2541 424 2578 Phil.
455 2546 508 2585 14,
530 2546 574 2577 23
602 2542 823 2577 Pharsaliae

73 2599 154 2625 vero
175 2601 323 2635 pugnae
353 2601 398 2625 ne
423 2590 647 2634 triumphum.
679 2590 823 2634 quidem

74 2637 154 2682 eyit.
170 2636 249 2672 Liv.
262 2641 318 2681 33,
331 2640 387 2681 37,
403 2641 445 2672 10
457 2637 634 2672 Boiorum
645 2637 824 2681 triumphi

74 2693 170 2728 spem
213 2685 365 2729 colleqae
407 2685 570 2729 reliquit3
616 2688 678 2727 38,
706 2688 761 2727 53,
790 2687 821 2718 7.

74 2729 154 2767 Tib.
170 2734 202 2775 2,
220 2735 250 2775 1,
263 2735 306 2766 33
333 2732 448 2776 qcntis
462 2732 674 2776 Aquitanae
693 2732 823 2767 celeber

77 2777 240 2814 Messala
265 2779 470 2821 triumphis.

124 2828 156 2860 ὅ.
183 2825 344 2879 siynum]
371 2825 445 2860 Das
460 2825 618 2861 Zeichen
634 2838 714 2859 zum
730 2825 822 2859 Aus-

76 2872 215 2908 ri‘icken
238 2872 278 2907 in
309 2873 368 2908 die
397 2872 575 2908 Schlacht
608 2872 732 2908 wurde
760 2873 822 2907 da-

898 1409 1015 1444 durch
1040 1409 1220 1454 gegeben,
1248 1408 1329 1444 dass
1350 1410 1418 1444 auf
1435 1410 1519 1444 dem
1540 1409 1645 1444 Feld-

897 1455 1084 1490 herrnzelt
1110 1456 1190 1492 eine
1217 1458 1297 1492 rote
1317 1456 1444 1492 Fahne
1461 1457 1648 1502 (remilium

893 1506 1136 1548 purpureum)
1152 1504 1389 1549 aufgesteckt
1409 1506 1536 1539 wurde
1558 1504 1646 1550 (vgl.

898 1551 992 1596 Καρ.
1015 1554 1071 1594 12,
1094 1553 1139 1596 7).

945 1609 1085 1643 neque.
1138 1601 1197 1633 ‚et
1212 1619 1255 1623 —
1270 1599 1381 1645 mhil]
1398 1616 1442 1627 =
1456 1610 1569 1643 neque
1589 1627 1595 1633 .
1613 1628 1618 1634 .
1639 1625 1646 1633 .

897 1656 1008 1690 neque
1033 1666 1080 1670 —
1105 1646 1308 1690 qui.equam

945 1704 1056 1737 neque
1081 1693 1192 1739 enim]
1220 1710 1264 1721 =
1290 1703 1365 1728 non
1390 1693 1495 1728 enim

946 1744 977 1775 6.
1016 1740 1153 1776 iidem.
1177 1768 1183 1775 .
1207 1768 1212 1775 .
1242 1741 1450 1776 eadem..
1478 1741 1646 1786 eundem]

897 1786 1010 1832 Figur
1034 1787 1100 1821 der
1125 1788 1319 1822 traductio.

944 1834 1070 1879 simul]
1104 1851 1148 1862 =
1179 1835 1334 1870 simulac
1368 1834 1456 1880 (vgl.
1490 1834 1582 1880 Kap.
1613 1838 1643 1878 1,

898 1882 945 1925 6),
972 1881 1033 1916 bei
1053 1880 1182 1917 Cicero
1203 1882 1278 1916 und
1299 1880 1410 1917 Casar
1429 1881 1559 1926 selten,
1584 1882 1646 1918 bei

897 1928 1025 1963 Livius
1051 1929 1195 1974 h'aufig:
1230 1929 1322 1973 Kap.
1347 1933 1400 1973 19,
1422 1932 1459 1972 ’ἲς
1486 1933 1543 1973 24,
1568 1933 1598 1964 1.

944 1975 1109 2021 quisque]
1139 1976 1247 2021 jeder
1278 1977 1442 2012 einzelne
1475 1977 1541 2012 auf
1569 1977 1646 2012 bei-

898 2022 970 2057 den
997 2023 1124 2058 Seiten
1152 2024 1240 2068 (vgl.
1268 2024 1361 2068 Kap.
1385 2028 1440 2068 15,
1461 2026 1507 2068 3).

945 2070 1142 2116 consuevit]
1173 2071 1251 2106 scil.
1277 2071 1405 2114 facere.

945 2117 982 2153 8.
1005 2122 1034 2152 1.
1055 2118 1176 2164 siqno]
1199 2117 1273 2154 Das
1294 2118 1452 2153 Zeichen
1474 2130 1555 2153 zum
1570 2117 1642 2153 Au-

896 2164 986 2210 griff
996 2166 1214 2210 (classicum)
1227 2166 1352 2201 wurde
1373 2165 1443 2201 mit
1457 2166 1522 2201 der
1541 2166 1648 2201 Tuba

895 2212 1075 2257 gegeben.

943 2260 1040 2302 infer
1064 2260 1225 2306 siqnum]
1247 2260 1325 2295 scil.
1347 2261 1389 2295 in
1407 2261 1539 2295 hostem
1558 2261 1648 2296 oder

894 2306 1057 2342 hostibus
1083 2308 1130 2351 (3,
1154 2311 1207 2351 18,
1230 2310 1276 2351 8),
1305 2307 1386 2343 ‘auf
1402 2307 1474 2342 den
1496 2308 1643 2342 Feind2⁷

896 2353 964 2389 Die
986 2354 1241 2399 Feldzeichen,
1268 2355 1411 2390 welche
1437 2357 1540 2390 sonst
1566 2355 1645 2390 hin-

894 2402 953 2436 ter
967 2401 1050 2436 dem
1067 2400 1344 2437 Vordertreffen
1365 2401 1532 2446 standeu,
1553 2414 1646 2436 wur-

897 2448 967 2483 den
999 2448 1099 2484 beim
1126 2449 1294 2494 Angriffe
1326 2452 1641 2495 vorangetragem

896 2495 1011 2530 daher
1036 2496 1095 2530 die
1132 2496 1281 2541 h'anfige
1307 2495 1515 2531 Redensart
1538 2498 1646 2541 siqna

895 2543 1030 2586 inferre
1055 2543 1114 2577 ft‘ir
1142 2543 1364 2588 ‘angreifen'
1399 2544 1507 2588 (Καρ.
1529 2547 1586 2587 23,
1606 2547 1644 2586 2;

896 2593 953 2633 29,
974 2595 1009 2632 2;
1038 2594 1095 2633 32,
1110 2593 1155 2633 8).

943 2641 975 2671 2.
1001 2638 1098 2682 quod
1122 2638 1202 2684 ubi]
1230 2638 1315 2682 Vgl.
1343 2637 1434 2682 Kap.
1463 2641 1494 2681 7,
1515 2641 1547 2672 2.

941 2684 1097 2729 senecta]
1139 2684 1198 2719 ein
1237 2685 1504 2720 dichterisches
1538 2685 1645 2720 Wort

896 2731 989 2766 statt
1013 2734 1196 2766 senectute.

942 2778 1143 2824 vadentem]
1179 2778 1262 2812 ‘auf
1283 2807 1289 2813 .
1314 2806 1320 2812 .
1343 2806 1350 2813 .
1378 2778 1642 2822 zuschreiten',

897 2825 966 2859 mit
1004 2826 1124 2859 seston
1163 2824 1351 2861 Schritten
1390 2827 1437 2870 (4,
1460 2829 1515 2869 38,
1537 2831 1575 2870 4;
1610 2831 1641 2869 5,

897 2876 954 2916 47,
975 2876 1013 2914 4;
1040 2876 1096 2915 22,
1119 2876 1174 2916 50,
1199 2875 1267 2917 10).

1308 2932 1356 2966 2*
