<?xml version="1.0" encoding="UTF-8"?>
<!DOCTYPE html PUBLIC "-//W3C//DTD XHTML 1.0 Transitional//EN"
    "http://www.w3.org/TR/xhtml1/DTD/xhtml1-transitional.dtd">
<html xmlns="http://www.w3.org/1999/xhtml" xml:lang="en" lang="en">
 <head>
  <title>
</title>
<meta http-equiv="Content-Type" content="text/html;charset=utf-8" />
  <meta name='ocr-system' content='tesseract 3.04.00' />
  <meta name='ocr-capabilities' content='ocr_page ocr_carea ocr_par ocr_line ocrx_word'/>
</head>
<body>
  <div class='ocr_page' id='page_1' title='image "./aburbeconditali00livyuoft_0278.png"; bbox 0 0 1794 3084; ppageno 0'>
   <div class='ocr_carea' id='block_1_1' title="bbox 130 125 1734 1524">
    <p class='ocr_par' dir='ltr' id='par_1_1' title="bbox 130 125 1733 923">
     <span class='ocr_line' id='line_1_1' title="bbox 174 125 1730 166; baseline 0.003 -9"><span class='ocrx_word' id='word_1_1' title='bbox 174 125 231 166; x_wconf 81' lang='lat'>54</span> <span class='ocrx_word' id='word_1_2' title='bbox 712 125 856 159; x_wconf 85' lang='lat' dir='ltr'>LIBER</span> <span class='ocrx_word' id='word_1_3' title='bbox 881 125 958 159; x_wconf 89' lang='lat' dir='ltr'>VII.</span> <span class='ocrx_word' id='word_1_4' title='bbox 1011 125 1110 161; x_wconf 84' lang='lat' dir='ltr'>CAP.</span> <span class='ocrx_word' id='word_1_5' title='bbox 1139 130 1194 160; x_wconf 82' lang='lat'>24.</span> <span class='ocrx_word' id='word_1_6' title='bbox 1451 143 1476 161; x_wconf 78' lang='lat' dir='ltr'>a.</span> <span class='ocrx_word' id='word_1_7' title='bbox 1497 143 1525 161; x_wconf 87' lang='lat' dir='ltr'>u.</span> <span class='ocrx_word' id='word_1_8' title='bbox 1545 142 1569 162; x_wconf 83' lang='lat' dir='ltr'>c.</span> <span class='ocrx_word' id='word_1_9' title='bbox 1587 136 1648 162; x_wconf 72' lang='grc'>401.</span> <span class='ocrx_word' id='word_1_10' title='bbox 1667 136 1730 163; x_wconf 83' lang='lat'>405.</span> 
     </span>
     <span class='ocr_line' id='line_1_2' title="bbox 177 232 1732 289; baseline 0.001 -15"><span class='ocrx_word' id='word_1_11' title='bbox 177 248 256 287; x_wconf 89' lang='lat' dir='ltr'>que</span> <span class='ocrx_word' id='word_1_12' title='bbox 284 248 515 288; x_wconf 85' lang='lat' dir='ltr'>suppresso</span> <span class='ocrx_word' id='word_1_13' title='bbox 542 234 704 287; x_wconf 80' lang='lat' dir='ltr'>impetu</span> <span class='ocrx_word' id='word_1_14' title='bbox 732 232 963 288; x_wconf 85' lang='lat' dir='ltr'>Romanus,</span> <span class='ocrx_word' id='word_1_15' title='bbox 990 237 1032 275; x_wconf 76' lang='lat' dir='ltr'>et</span> <span class='ocrx_word' id='word_1_16' title='bbox 1059 233 1158 289; x_wconf 89' lang='lat' dir='ltr'>quia</span> <span class='ocrx_word' id='word_1_17' title='bbox 1184 234 1337 275; x_wconf 77' lang='lat' dir='ltr'>iterum</span> <span class='ocrx_word' id='word_1_18' title='bbox 1361 233 1486 276; x_wconf 85' lang='lat' dir='ltr'>fessis</span> <span class='ocrx_word' id='word_1_19' title='bbox 1513 233 1732 276; x_wconf 86' lang='lat' dir='ltr'>subeunda</span> 
     </span>
     <span class='ocr_line' id='line_1_3' title="bbox 177 292 1730 347; baseline 0.001 -14"><span class='ocrx_word' id='word_1_20' title='bbox 177 293 394 334; x_wconf 85' lang='lat' dir='ltr'>dimicatio</span> <span class='ocrx_word' id='word_1_21' title='bbox 429 294 538 346; x_wconf 81' lang='lat' dir='ltr'>erat,</span> <span class='ocrx_word' id='word_1_22' title='bbox 578 296 620 333; x_wconf 80' lang='lat' dir='ltr'>et</span> <span class='ocrx_word' id='word_1_23' title='bbox 652 292 762 345; x_wconf 88' lang='lat' dir='ltr'>quod</span> <span class='ocrx_word' id='word_1_24' title='bbox 797 293 964 346; x_wconf 88' lang='lat' dir='ltr'>consul,</span> <span class='ocrx_word' id='word_1_25' title='bbox 1002 293 1103 334; x_wconf 90' lang='lat' dir='ltr'>dum</span> <span class='ocrx_word' id='word_1_26' title='bbox 1141 293 1255 333; x_wconf 75' lang='lat' dir='ltr'>inter</span> <span class='ocrx_word' id='word_1_27' title='bbox 1292 292 1501 347; x_wconf 82' lang='lat' dir='ltr'>primores</span> <span class='ocrx_word' id='word_1_28' title='bbox 1533 292 1730 334; x_wconf 79' lang='lat' dir='ltr'>incautus</span> 
     </span>
     <span class='ocr_line' id='line_1_4' title="bbox 177 350 1733 406; baseline 0.001 -15"><span class='ocrx_word' id='word_1_29' title='bbox 177 352 332 406; x_wconf 72' lang='lat' dir='ltr'>agitat,</span> <span class='ocrx_word' id='word_1_30' title='bbox 370 350 492 392; x_wconf 85' lang='lat' dir='ltr'>laevo</span> <span class='ocrx_word' id='word_1_31' title='bbox 531 365 677 392; x_wconf 90' lang='lat' dir='ltr'>umero</span> <span class='ocrx_word' id='word_1_32' title='bbox 710 352 866 392; x_wconf 72' lang='lat' dir='ltr'>matari</span> <span class='ocrx_word' id='word_1_33' title='bbox 905 366 1037 405; x_wconf 87' lang='lat' dir='ltr'>prope</span> <span class='ocrx_word' id='word_1_34' title='bbox 1075 351 1254 393; x_wconf 76' lang='lat' dir='ltr'>traiecto</span> <span class='ocrx_word' id='word_1_35' title='bbox 1287 354 1473 392; x_wconf 73' lang='lat' dir='ltr'>cesserat</span> <span class='ocrx_word' id='word_1_36' title='bbox 1504 365 1733 406; x_wconf 85' lang='lat' dir='ltr'>parumper</span> 
     </span>
     <span class='ocr_line' id='line_1_5' title="bbox 177 410 1732 464; baseline 0.001 -14"><span class='ocrx_word' id='word_1_37' title='bbox 177 425 226 451; x_wconf 83' lang='lat' dir='ltr'>ex</span> <span class='ocrx_word' id='word_1_38' title='bbox 258 410 359 451; x_wconf 90' lang='lat' dir='ltr'>acie.</span> <span class='ocrx_word' id='word_1_39' title='bbox 408 410 578 464; x_wconf 88' lang='lat' dir='ltr'>iamque</span> <span class='ocrx_word' id='word_1_40' title='bbox 611 410 770 450; x_wconf 90' lang='lat' dir='ltr'>omissa</span> <span class='ocrx_word' id='word_1_41' title='bbox 808 410 1046 451; x_wconf 73' lang='lat' dir='ltr'>cunctando</span> <span class='ocrx_word' id='word_1_42' title='bbox 1086 410 1265 451; x_wconf 82' lang='lat' dir='ltr'>victoria</span> <span class='ocrx_word' id='word_1_43' title='bbox 1304 414 1414 463; x_wconf 75' lang='lat' dir='ltr'>erat,</span> <span class='ocrx_word' id='word_1_44' title='bbox 1455 424 1550 452; x_wconf 86' lang='lat' dir='ltr'>cum</span> <span class='ocrx_word' id='word_1_45' title='bbox 1582 411 1732 452; x_wconf 86' lang='lat' dir='ltr'>consul</span> 
     </span>
     <span class='ocr_line' id='line_1_6' title="bbox 173 467 1729 524; baseline 0.001 -15"><span class='ocrx_word' id='word_1_46' title='bbox 173 469 347 509; x_wconf 83' lang='lat' dir='ltr'>vulnere</span> <span class='ocrx_word' id='word_1_47' title='bbox 381 469 561 523; x_wconf 80' lang='lat' dir='ltr'>alligato</span> <span class='ocrx_word' id='word_1_48' title='bbox 594 472 785 510; x_wconf 78' lang='lat' dir='ltr'>revectus</span> <span class='ocrx_word' id='word_1_49' title='bbox 820 469 871 510; x_wconf 87' lang='lat' dir='ltr'>ad</span> <span class='ocrx_word' id='word_1_50' title='bbox 903 470 1043 524; x_wconf 88' lang='lat' dir='ltr'>prima</span> <span class='ocrx_word' id='word_1_51' title='bbox 1081 469 1204 523; x_wconf 84' lang='lat' dir='ltr'>signa</span> <span class='ocrx_word' id='word_1_52' title='bbox 1242 468 1365 523; x_wconf 72' lang='lat' dir='ltr'>‘quid</span> <span class='ocrx_word' id='word_1_53' title='bbox 1404 471 1511 522; x_wconf 76' lang='lat' dir='ltr'>stas,</span> <span class='ocrx_word' id='word_1_54' title='bbox 1551 467 1729 511; x_wconf 82' lang='lat' dir='ltr'>miles?&#39;</span> 
     </span>
     <span class='ocr_line' id='line_1_7' title="bbox 173 526 1728 583; baseline 0.001 -15"><span class='ocrx_word' id='word_1_55' title='bbox 173 528 328 581; x_wconf 79' lang='lat' dir='ltr'>inquit3</span> <span class='ocrx_word' id='word_1_56' title='bbox 362 526 471 569; x_wconf 67' lang='lat' dir='ltr'>‘non</span> <span class='ocrx_word' id='word_1_57' title='bbox 495 541 591 568; x_wconf 89' lang='lat' dir='ltr'>cum</span> <span class='ocrx_word' id='word_1_58' title='bbox 618 527 770 568; x_wconf 78' lang='lat' dir='ltr'>Latino</span> <span class='ocrx_word' id='word_1_59' title='bbox 794 526 1036 583; x_wconf 83' lang='lat' dir='ltr'>Sabinoque</span> <span class='ocrx_word' id='word_1_60' title='bbox 1061 528 1186 569; x_wconf 79' lang='lat' dir='ltr'>hoste</span> <span class='ocrx_word' id='word_1_61' title='bbox 1213 542 1280 569; x_wconf 90' lang='lat' dir='ltr'>res</span> <span class='ocrx_word' id='word_1_62' title='bbox 1315 530 1390 582; x_wconf 67' lang='lat' dir='ltr'>es‘n,</span> <span class='ocrx_word' id='word_1_63' title='bbox 1416 542 1541 582; x_wconf 89' lang='lat' dir='ltr'>quem</span> <span class='ocrx_word' id='word_1_64' title='bbox 1568 527 1728 570; x_wconf 68' lang='lat' dir='ltr'>victum</span> 
     </span>
     <span class='ocr_line' id='line_1_8' title="bbox 130 586 1729 640; baseline 0.001 -14"><span class='ocrx_word' id='word_1_65' title='bbox 130 598 143 604; x_wconf 80' lang='grc'><strong><em>’</em></strong></span> <span class='ocrx_word' id='word_1_66' title='bbox 175 587 305 627; x_wconf 89' lang='lat' dir='ltr'>armis</span> <span class='ocrx_word' id='word_1_67' title='bbox 345 587 508 627; x_wconf 85' lang='lat' dir='ltr'>socium</span> <span class='ocrx_word' id='word_1_68' title='bbox 547 601 596 626; x_wconf 78' lang='lat' dir='ltr'>ex</span> <span class='ocrx_word' id='word_1_69' title='bbox 635 586 758 628; x_wconf 75' lang='lat' dir='ltr'>hoste</span> <span class='ocrx_word' id='word_1_70' title='bbox 805 586 956 640; x_wconf 74' lang='lat' dir='ltr'>facias,</span> <span class='ocrx_word' id='word_1_71' title='bbox 995 587 1039 628; x_wconf 88' lang='lat' dir='ltr'>in</span> <span class='ocrx_word' id='word_1_72' title='bbox 1077 587 1223 628; x_wconf 83' lang='lat' dir='ltr'>beluas</span> <span class='ocrx_word' id='word_1_73' title='bbox 1262 586 1512 628; x_wconf 71' lang='lat' dir='ltr'>strinximus</span> <span class='ocrx_word' id='word_1_74' title='bbox 1551 586 1729 640; x_wconf 69' lang='lat' dir='ltr'>ferrum,</span> 
     </span>
     <span class='ocr_line' id='line_1_9' title="bbox 173 645 1728 701; baseline 0.001 -16"><span class='ocrx_word' id='word_1_75' title='bbox 173 645 434 686; x_wconf 87' lang='lat' dir='ltr'>hauriendus</span> <span class='ocrx_word' id='word_1_76' title='bbox 456 647 529 685; x_wconf 77' lang='lat' dir='ltr'>aut</span> <span class='ocrx_word' id='word_1_77' title='bbox 549 645 712 686; x_wconf 81' lang='lat' dir='ltr'>(landus</span> <span class='ocrx_word' id='word_1_78' title='bbox 740 648 805 687; x_wconf 72' lang='lat' dir='ltr'>est</span> <span class='ocrx_word' id='word_1_79' title='bbox 831 646 1018 701; x_wconf 81' lang='lat' dir='ltr'>sanguis.</span> <span class='ocrx_word' id='word_1_80' title='bbox 1057 646 1308 699; x_wconf 81' lang='lat' dir='ltr'>propulistis</span> <span class='ocrx_word' id='word_1_81' title='bbox 1337 660 1361 686; x_wconf 87' lang='lat' dir='ltr'>a</span> <span class='ocrx_word' id='word_1_82' title='bbox 1387 646 1554 699; x_wconf 73' lang='lat' dir='ltr'>castris,</span> <span class='ocrx_word' id='word_1_83' title='bbox 1574 645 1728 700; x_wconf 86' lang='lat' dir='ltr'>supina</span> 
     </span>
     <span class='ocr_line' id='line_1_10' title="bbox 174 704 1725 759; baseline 0.001 -15"><span class='ocrx_word' id='word_1_84' title='bbox 174 704 285 745; x_wconf 87' lang='lat' dir='ltr'>valle</span> <span class='ocrx_word' id='word_1_85' title='bbox 312 704 567 758; x_wconf 76' lang='lat' dir='ltr'>praecipites</span> <span class='ocrx_word' id='word_1_86' title='bbox 590 704 751 759; x_wconf 78' lang='lat' dir='ltr'>egistis,</span> <span class='ocrx_word' id='word_1_87' title='bbox 778 704 925 745; x_wconf 65' lang='lat' dir='ltr'>stratis</span> <span class='ocrx_word' id='word_1_88' title='bbox 953 705 1204 758; x_wconf 82' lang='lat' dir='ltr'>corporibus</span> <span class='ocrx_word' id='word_1_89' title='bbox 1230 704 1421 746; x_wconf 76' lang='lat' dir='ltr'>hostium</span> <span class='ocrx_word' id='word_1_90' title='bbox 1449 704 1725 758; x_wconf 72' lang='lat' dir='ltr'>superstatis3</span> 
     </span>
     <span class='ocr_line' id='line_1_11' title="bbox 175 763 1728 818; baseline 0 -14"><span class='ocrx_word' id='word_1_91' title='bbox 175 763 385 817; x_wconf 79' lang='lat' dir='ltr'>complete</span> <span class='ocrx_word' id='word_1_92' title='bbox 424 763 570 804; x_wconf 88' lang='lat' dir='ltr'>eadem</span> <span class='ocrx_word' id='word_1_93' title='bbox 609 767 752 817; x_wconf 76' lang='lat' dir='ltr'>strage</span> <span class='ocrx_word' id='word_1_94' title='bbox 785 777 976 818; x_wconf 84' lang='lat' dir='ltr'>campos,</span> <span class='ocrx_word' id='word_1_95' title='bbox 1015 778 1099 817; x_wconf 87' lang='lat' dir='ltr'>qua</span> <span class='ocrx_word' id='word_1_96' title='bbox 1135 764 1292 805; x_wconf 71' lang='lat' dir='ltr'>montis</span> <span class='ocrx_word' id='word_1_97' title='bbox 1331 763 1538 818; x_wconf 75' lang='lat' dir='ltr'>replestis.</span> <span class='ocrx_word' id='word_1_98' title='bbox 1594 763 1728 805; x_wconf 74' lang='lat' dir='ltr'>nolite</span> 
     </span>
     <span class='ocr_line' id='line_1_12' title="bbox 175 821 1732 877; baseline 0.001 -15"><span class='ocrx_word' id='word_1_99' title='bbox 175 826 434 876; x_wconf 82' lang='lat' dir='ltr'>exspectare,</span> <span class='ocrx_word' id='word_1_100' title='bbox 466 822 566 862; x_wconf 89' lang='lat' dir='ltr'>dum</span> <span class='ocrx_word' id='word_1_101' title='bbox 600 825 762 863; x_wconf 73' lang='lat' dir='ltr'>stantes</span> <span class='ocrx_word' id='word_1_102' title='bbox 795 837 870 863; x_wconf 84' lang='lat' dir='ltr'>vos</span> <span class='ocrx_word' id='word_1_103' title='bbox 902 822 1090 877; x_wconf 73' lang='lat' dir='ltr'>fugiant3</span> <span class='ocrx_word' id='word_1_104' title='bbox 1127 821 1350 863; x_wconf 85' lang='lat' dir='ltr'>inferenda</span> <span class='ocrx_word' id='word_1_105' title='bbox 1383 825 1482 863; x_wconf 73' lang='lat' dir='ltr'>sunt</span> <span class='ocrx_word' id='word_1_106' title='bbox 1513 822 1655 877; x_wconf 87' lang='lat' dir='ltr'>signa,</span> <span class='ocrx_word' id='word_1_107' title='bbox 1689 824 1732 864; x_wconf 76' lang='lat' dir='ltr'>el:</span> 
     </span>
     <span class='ocr_line' id='line_1_13' title="bbox 178 880 726 923; baseline 0.002 -1"><span class='ocrx_word' id='word_1_108' title='bbox 178 880 416 922; x_wconf 83' lang='lat' dir='ltr'>vadendum</span> <span class='ocrx_word' id='word_1_109' title='bbox 448 880 492 921; x_wconf 90' lang='lat' dir='ltr'>in</span> <span class='ocrx_word' id='word_1_110' title='bbox 525 881 726 923; x_wconf 80' lang='lat' dir='ltr'>hostem.&#39;</span> 
     </span>
    </p>

    <p class='ocr_par' dir='ltr' id='par_1_2' title="bbox 175 939 1734 1524">
     <span class='ocr_line' id='line_1_14' title="bbox 298 939 1731 994; baseline 0 -14"><span class='ocrx_word' id='word_1_111' title='bbox 298 940 376 981; x_wconf 93' lang='lat' dir='ltr'>His</span> <span class='ocrx_word' id='word_1_112' title='bbox 423 939 797 981; x_wconf 79' lang='lat' dir='ltr'>adhortationibus</span> <span class='ocrx_word' id='word_1_113' title='bbox 841 941 998 981; x_wconf 78' lang='lat' dir='ltr'>iterum</span> <span class='ocrx_word' id='word_1_114' title='bbox 1043 940 1176 981; x_wconf 76' lang='lat' dir='ltr'>coorti</span> <span class='ocrx_word' id='word_1_115' title='bbox 1215 940 1382 994; x_wconf 71' lang='lat' dir='ltr'>pellunt</span> <span class='ocrx_word' id='word_1_116' title='bbox 1427 939 1522 981; x_wconf 90' lang='grc'>1000</span> <span class='ocrx_word' id='word_1_117' title='bbox 1566 939 1731 994; x_wconf 88' lang='lat' dir='ltr'>primos</span> 
     </span>
     <span class='ocr_line' id='line_1_15' title="bbox 178 997 1734 1054; baseline 0 -15"><span class='ocrx_word' id='word_1_118' title='bbox 178 999 420 1054; x_wconf 85' lang='lat' dir='ltr'>manipulos</span> <span class='ocrx_word' id='word_1_119' title='bbox 448 997 689 1053; x_wconf 75' lang='lat' dir='ltr'>Gallorum,</span> <span class='ocrx_word' id='word_1_120' title='bbox 723 999 867 1040; x_wconf 84' lang='lat' dir='ltr'>cuneis</span> <span class='ocrx_word' id='word_1_121' title='bbox 894 999 1044 1040; x_wconf 87' lang='lat' dir='ltr'>deinde</span> <span class='ocrx_word' id='word_1_122' title='bbox 1071 999 1115 1039; x_wconf 90' lang='lat' dir='ltr'>in</span> <span class='ocrx_word' id='word_1_123' title='bbox 1141 999 1326 1039; x_wconf 89' lang='lat' dir='ltr'>medium</span> <span class='ocrx_word' id='word_1_124' title='bbox 1359 1011 1514 1052; x_wconf 86' lang='lat' dir='ltr'>agmen</span> <span class='ocrx_word' id='word_1_125' title='bbox 1544 1012 1734 1052; x_wconf 86' lang='lat' dir='ltr'>perrum-</span> 
     </span>
     <span class='ocr_line' id='line_1_16' title="bbox 179 1057 1733 1113; baseline 0 -15"><span class='ocrx_word' id='word_1_126' title='bbox 179 1060 299 1112; x_wconf 74' lang='lat' dir='ltr'>punt.</span> <span class='ocrx_word' id='word_1_127' title='bbox 361 1057 460 1098; x_wconf 83' lang='lat' dir='ltr'>inde</span> <span class='ocrx_word' id='word_1_128' title='bbox 498 1058 672 1099; x_wconf 86' lang='lat' dir='ltr'>barbari</span> <span class='ocrx_word' id='word_1_129' title='bbox 711 1057 925 1112; x_wconf 76' lang='lat' dir='ltr'>dissipati,</span> <span class='ocrx_word' id='word_1_130' title='bbox 970 1057 1123 1113; x_wconf 85' lang='lat' dir='ltr'>quibus</span> <span class='ocrx_word' id='word_1_131' title='bbox 1167 1072 1243 1098; x_wconf 88' lang='lat' dir='ltr'>nec</span> <span class='ocrx_word' id='word_1_132' title='bbox 1283 1060 1399 1098; x_wconf 68' lang='lat' dir='ltr'>cerba</span> <span class='ocrx_word' id='word_1_133' title='bbox 1440 1057 1620 1111; x_wconf 86' lang='lat' dir='ltr'>imperia</span> <span class='ocrx_word' id='word_1_134' title='bbox 1655 1071 1733 1098; x_wconf 88' lang='grc'>1100</span> 
     </span>
     <span class='ocr_line' id='line_1_17' title="bbox 178 1116 1734 1171; baseline -0.001 -13"><span class='ocrx_word' id='word_1_135' title='bbox 178 1117 304 1158; x_wconf 83' lang='lat' dir='ltr'>duces</span> <span class='ocrx_word' id='word_1_136' title='bbox 339 1119 494 1170; x_wconf 78' lang='lat' dir='ltr'>essent,</span> <span class='ocrx_word' id='word_1_137' title='bbox 525 1119 699 1158; x_wconf 80' lang='lat' dir='ltr'>vertunt-</span> <span class='ocrx_word' id='word_1_138' title='bbox 728 1118 934 1171; x_wconf 73' lang='lat' dir='ltr'>impetum</span> <span class='ocrx_word' id='word_1_139' title='bbox 966 1117 1011 1158; x_wconf 93' lang='lat' dir='ltr'>in</span> <span class='ocrx_word' id='word_1_140' title='bbox 1045 1131 1161 1170; x_wconf 72' lang='lat' dir='ltr'>suos,</span> <span class='ocrx_word' id='word_1_141' title='bbox 1195 1116 1363 1171; x_wconf 88' lang='lat' dir='ltr'>fusique</span> <span class='ocrx_word' id='word_1_142' title='bbox 1389 1130 1464 1170; x_wconf 89' lang='lat' dir='ltr'>per</span> <span class='ocrx_word' id='word_1_143' title='bbox 1490 1130 1662 1170; x_wconf 82' lang='lat' dir='ltr'>campos</span> <span class='ocrx_word' id='word_1_144' title='bbox 1691 1118 1734 1157; x_wconf 71' lang='lat' dir='ltr'>et</span> 
     </span>
     <span class='ocr_line' id='line_1_18' title="bbox 175 1174 1731 1231; baseline 0 -15"><span class='ocrx_word' id='word_1_145' title='bbox 175 1178 344 1230; x_wconf 77' lang='lat' dir='ltr'>praeter</span> <span class='ocrx_word' id='word_1_146' title='bbox 371 1181 513 1216; x_wconf 79' lang='lat' dir='ltr'>castra</span> <span class='ocrx_word' id='word_1_147' title='bbox 538 1176 668 1216; x_wconf 76' lang='lat' dir='ltr'>etiam</span> <span class='ocrx_word' id='word_1_148' title='bbox 702 1191 778 1217; x_wconf 85' lang='lat' dir='ltr'>sua</span> <span class='ocrx_word' id='word_1_149' title='bbox 811 1176 914 1231; x_wconf 83' lang='lat' dir='ltr'>fuga</span> <span class='ocrx_word' id='word_1_150' title='bbox 940 1176 1135 1230; x_wconf 79' lang='lat' dir='ltr'>praelati,</span> <span class='ocrx_word' id='word_1_151' title='bbox 1169 1174 1279 1229; x_wconf 89' lang='lat' dir='ltr'>quod</span> <span class='ocrx_word' id='word_1_152' title='bbox 1308 1175 1591 1216; x_wconf 72' lang='lat' dir='ltr'>editissimum</span> <span class='ocrx_word' id='word_1_153' title='bbox 1617 1175 1731 1216; x_wconf 75' lang='lat' dir='ltr'>inter</span> 
     </span>
     <span class='ocr_line' id='line_1_19' title="bbox 177 1233 1730 1288; baseline -0.001 -12"><span class='ocrx_word' id='word_1_154' title='bbox 177 1235 378 1288; x_wconf 86' lang='lat' dir='ltr'>aequales</span> <span class='ocrx_word' id='word_1_155' title='bbox 415 1235 602 1276; x_wconf 73' lang='lat' dir='ltr'>tumulos</span> <span class='ocrx_word' id='word_1_156' title='bbox 643 1236 893 1276; x_wconf 74' lang='lat' dir='ltr'>occurrebat</span> <span class='ocrx_word' id='word_1_157' title='bbox 931 1235 1082 1288; x_wconf 88' lang='lat' dir='ltr'>oculis,</span> <span class='ocrx_word' id='word_1_158' title='bbox 1121 1249 1261 1276; x_wconf 85' lang='lat' dir='ltr'>arcem</span> <span class='ocrx_word' id='word_1_159' title='bbox 1292 1233 1526 1286; x_wconf 84' lang='lat' dir='ltr'>Albanam,</span> <span class='ocrx_word' id='word_1_160' title='bbox 1566 1236 1730 1288; x_wconf 77' lang='lat' dir='ltr'>petunt.</span> 
     </span>
     <span class='ocr_line' id='line_1_20' title="bbox 177 1292 1732 1348; baseline -0.001 -14"><span class='ocrx_word' id='word_1_161' title='bbox 177 1293 327 1335; x_wconf 87' lang='lat' dir='ltr'>consul</span> <span class='ocrx_word' id='word_1_162' title='bbox 359 1308 445 1334; x_wconf 91' lang='lat' dir='ltr'>non</span> <span class='ocrx_word' id='word_1_163' title='bbox 477 1293 589 1334; x_wconf 78' lang='lat' dir='ltr'>ultra</span> <span class='ocrx_word' id='word_1_164' title='bbox 621 1297 763 1334; x_wconf 80' lang='lat' dir='ltr'>castra</span> <span class='ocrx_word' id='word_1_165' title='bbox 801 1294 1037 1347; x_wconf 77' lang='lat' dir='ltr'>insecutus,</span> <span class='ocrx_word' id='word_1_166' title='bbox 1076 1294 1175 1348; x_wconf 85' lang='lat' dir='ltr'>quia</span> <span class='ocrx_word' id='word_1_167' title='bbox 1206 1296 1249 1334; x_wconf 75' lang='lat' dir='ltr'>et</span> <span class='ocrx_word' id='word_1_168' title='bbox 1282 1293 1434 1334; x_wconf 89' lang='lat' dir='ltr'>vulnus</span> <span class='ocrx_word' id='word_1_169' title='bbox 1467 1292 1732 1347; x_wconf 71' lang='lat' dir='ltr'>degravabal‘.</span> 
     </span>
     <span class='ocr_line' id='line_1_21' title="bbox 177 1351 1731 1406; baseline 0 -14"><span class='ocrx_word' id='word_1_170' title='bbox 177 1355 218 1393; x_wconf 81' lang='lat' dir='ltr'>et</span> <span class='ocrx_word' id='word_1_171' title='bbox 240 1352 430 1393; x_wconf 86' lang='lat' dir='ltr'>subicere</span> <span class='ocrx_word' id='word_1_172' title='bbox 453 1352 685 1393; x_wconf 81' lang='lat' dir='ltr'>exereitum</span> <span class='ocrx_word' id='word_1_173' title='bbox 706 1353 882 1393; x_wconf 80' lang='lat' dir='ltr'>‘cumulis</span> <span class='ocrx_word' id='word_1_174' title='bbox 903 1353 956 1393; x_wconf 84' lang='lat' dir='ltr'>ab</span> <span class='ocrx_word' id='word_1_175' title='bbox 978 1352 1101 1393; x_wconf 77' lang='lat' dir='ltr'>hoste</span> <span class='ocrx_word' id='word_1_176' title='bbox 1123 1351 1342 1406; x_wconf 78' lang='lat' dir='ltr'>occupatis</span> <span class='ocrx_word' id='word_1_177' title='bbox 1361 1352 1547 1405; x_wconf 75' lang='lat' dir='ltr'>nolebat,</span> <span class='ocrx_word' id='word_1_178' title='bbox 1574 1351 1731 1405; x_wconf 86' lang='lat' dir='ltr'>praeda</span> 
     </span>
     <span class='ocr_line' id='line_1_22' title="bbox 177 1410 1730 1465; baseline 0 -14"><span class='ocrx_word' id='word_1_179' title='bbox 177 1411 295 1452; x_wconf 88' lang='lat' dir='ltr'>omni</span> <span class='ocrx_word' id='word_1_180' title='bbox 328 1414 563 1451; x_wconf 73' lang='lat' dir='ltr'>castrorum</span> <span class='ocrx_word' id='word_1_181' title='bbox 596 1410 720 1451; x_wconf 81' lang='lat' dir='ltr'>militi</span> <span class='ocrx_word' id='word_1_182' title='bbox 756 1411 856 1452; x_wconf 80' lang='lat' dir='ltr'>data</span> <span class='ocrx_word' id='word_1_183' title='bbox 888 1411 1093 1453; x_wconf 76' lang='lat' dir='ltr'>victorem</span> <span class='ocrx_word' id='word_1_184' title='bbox 1133 1411 1364 1452; x_wconf 75' lang='lat' dir='ltr'>exercitum</span> <span class='ocrx_word' id='word_1_185' title='bbox 1397 1411 1730 1465; x_wconf 71' lang='lat' dir='ltr'>opulentumque</span> 
     </span>
     <span class='ocr_line' id='line_1_23' title="bbox 180 1468 964 1524; baseline 0.001 -14"><span class='ocrx_word' id='word_1_186' title='bbox 180 1468 356 1511; x_wconf 84' lang='lat' dir='ltr'>Gallicis</span> <span class='ocrx_word' id='word_1_187' title='bbox 391 1469 537 1524; x_wconf 90' lang='lat' dir='ltr'>spoliis</span> <span class='ocrx_word' id='word_1_188' title='bbox 570 1469 753 1511; x_wconf 87' lang='lat' dir='ltr'>Romam</span> <span class='ocrx_word' id='word_1_189' title='bbox 786 1470 964 1512; x_wconf 74' lang='lat' dir='ltr'>reduxit.</span> 
     </span>
    </p>
   </div>
   <div class='ocr_carea' id='block_1_2' title="bbox 174 1620 921 2933">
    <p class='ocr_par' dir='ltr' id='par_1_3' title="bbox 175 1620 911 1760">
     <span class='ocr_line' id='line_1_24' title="bbox 223 1620 911 1666; baseline -0.001 -11"><span class='ocrx_word' id='word_1_190' title='bbox 223 1625 254 1656; x_wconf 92' lang='lat'>3.</span> <span class='ocrx_word' id='word_1_191' title='bbox 286 1631 476 1665; x_wconf 79' lang='lat' dir='ltr'>suppresso</span> <span class='ocrx_word' id='word_1_192' title='bbox 507 1620 656 1666; x_wconf 72' lang='lat' dir='ltr'>impeta]</span> <span class='ocrx_word' id='word_1_193' title='bbox 698 1620 821 1655; x_wconf 86' lang='lat' dir='ltr'>indem</span> <span class='ocrx_word' id='word_1_194' title='bbox 860 1621 911 1654; x_wconf 83' lang='lat' dir='ltr'>sie</span> 
     </span>
     <span class='ocr_line' id='line_1_25' title="bbox 175 1667 910 1711; baseline -0.001 -9"><span class='ocrx_word' id='word_1_195' title='bbox 175 1667 254 1703; x_wconf 84' lang='lat' dir='ltr'>ihre</span> <span class='ocrx_word' id='word_1_196' title='bbox 279 1668 371 1702; x_wconf 76' lang='lat' dir='ltr'>Wut</span> <span class='ocrx_word' id='word_1_197' title='bbox 399 1667 691 1702; x_wconf 74' lang='lat' dir='ltr'>zurfickhielten.</span> <span class='ocrx_word' id='word_1_198' title='bbox 725 1672 786 1711; x_wconf 88' lang='lat'>31,</span> <span class='ocrx_word' id='word_1_199' title='bbox 810 1671 870 1711; x_wconf 88' lang='grc'>18,</span> <span class='ocrx_word' id='word_1_200' title='bbox 892 1670 910 1701; x_wconf 86' lang='grc'><strong>7</strong></span> 
     </span>
     <span class='ocr_line' id='line_1_26' title="bbox 178 1716 850 1760; baseline -0.001 -10"><span class='ocrx_word' id='word_1_201' title='bbox 178 1726 240 1750; x_wconf 79' lang='lat' dir='ltr'>rex</span> <span class='ocrx_word' id='word_1_202' title='bbox 264 1717 465 1760; x_wconf 70' lang='lat' dir='ltr'>suppressit</span> <span class='ocrx_word' id='word_1_203' title='bbox 490 1716 660 1759; x_wconf 77' lang='lat' dir='ltr'>impetum</span> <span class='ocrx_word' id='word_1_204' title='bbox 686 1716 850 1749; x_wconf 70' lang='lat' dir='ltr'>militum.</span> 
     </span>
    </p>

    <p class='ocr_par' dir='ltr' id='par_1_4' title="bbox 222 1762 911 1808">
     <span class='ocr_line' id='line_1_27' title="bbox 222 1762 911 1808; baseline -0.001 -11"><span class='ocrx_word' id='word_1_205' title='bbox 222 1762 356 1808; x_wconf 66' lang='lat' dir='ltr'>agitat]</span> <span class='ocrx_word' id='word_1_206' title='bbox 377 1763 454 1797; x_wconf 86' lang='lat' dir='ltr'>sich</span> <span class='ocrx_word' id='word_1_207' title='bbox 480 1763 684 1805; x_wconf 78' lang='lat' dir='ltr'>tummelte,</span> <span class='ocrx_word' id='word_1_208' title='bbox 711 1762 911 1796; x_wconf 75' lang='lat' dir='ltr'>verweilte.</span> 
     </span>
    </p>

    <p class='ocr_par' dir='ltr' id='par_1_5' title="bbox 174 1807 916 2032">
     <span class='ocr_line' id='line_1_28' title="bbox 221 1807 913 1855; baseline 0 -12"><span class='ocrx_word' id='word_1_209' title='bbox 221 1809 372 1855; x_wconf 67' lang='lat' dir='ltr'>matari]</span> <span class='ocrx_word' id='word_1_210' title='bbox 394 1821 480 1844; x_wconf 82' lang='lat' dir='ltr'>vom</span> <span class='ocrx_word' id='word_1_211' title='bbox 500 1808 646 1843; x_wconf 78' lang='lat' dir='ltr'>Nomin.</span> <span class='ocrx_word' id='word_1_212' title='bbox 667 1807 832 1851; x_wconf 59' lang='lat' dir='ltr'>matdris,</span> <span class='ocrx_word' id='word_1_213' title='bbox 854 1809 913 1843; x_wconf 89' lang='lat' dir='ltr'>ein</span> 
     </span>
     <span class='ocr_line' id='line_1_29' title="bbox 174 1855 915 1900; baseline -0.001 -10"><span class='ocrx_word' id='word_1_214' title='bbox 174 1856 374 1891; x_wconf 76' lang='lat' dir='ltr'>keltisches</span> <span class='ocrx_word' id='word_1_215' title='bbox 413 1857 522 1890; x_wconf 73' lang='lat' dir='ltr'>Worl:</span> <span class='ocrx_word' id='word_1_216' title='bbox 555 1868 618 1890; x_wconf 85' lang='lat' dir='ltr'>zur</span> <span class='ocrx_word' id='word_1_217' title='bbox 655 1855 915 1900; x_wconf 82' lang='lat' dir='ltr'>Bezeichnung</span> 
     </span>
     <span class='ocr_line' id='line_1_30' title="bbox 177 1903 916 1947; baseline 0 -10"><span class='ocrx_word' id='word_1_218' title='bbox 177 1904 277 1938; x_wconf 86' lang='lat' dir='ltr'>einer</span> <span class='ocrx_word' id='word_1_219' title='bbox 303 1903 374 1937; x_wconf 91' lang='lat' dir='ltr'>den</span> <span class='ocrx_word' id='word_1_220' title='bbox 407 1903 573 1938; x_wconf 85' lang='lat' dir='ltr'>Galliern</span> <span class='ocrx_word' id='word_1_221' title='bbox 602 1903 916 1947; x_wconf 73' lang='lat' dir='ltr'>eigenttimliehen</span> 
     </span>
     <span class='ocr_line' id='line_1_31' title="bbox 175 1950 914 1994; baseline 0 -10"><span class='ocrx_word' id='word_1_222' title='bbox 175 1950 399 1985; x_wconf 84' lang='lat' dir='ltr'>Wurfwaffe.</span> <span class='ocrx_word' id='word_1_223' title='bbox 447 1950 548 1985; x_wconf 84' lang='lat' dir='ltr'>Caes.</span> <span class='ocrx_word' id='word_1_224' title='bbox 569 1950 603 1985; x_wconf 94' lang='lat' dir='ltr'>b.</span> <span class='ocrx_word' id='word_1_225' title='bbox 620 1951 661 1985; x_wconf 82' lang='lat' dir='ltr'>G.</span> <span class='ocrx_word' id='word_1_226' title='bbox 677 1955 707 1994; x_wconf 91' lang='lat'>1,</span> <span class='ocrx_word' id='word_1_227' title='bbox 723 1954 778 1993; x_wconf 85' lang='lat'>26,</span> <span class='ocrx_word' id='word_1_228' title='bbox 801 1954 820 1984; x_wconf 91' lang='lat'><strong>3</strong></span> <span class='ocrx_word' id='word_1_229' title='bbox 842 1961 914 1985; x_wconf 84' lang='lat' dir='ltr'>ma-</span> 
     </span>
     <span class='ocr_line' id='line_1_32' title="bbox 175 2001 286 2032; baseline -0.009 0"><span class='ocrx_word' id='word_1_230' title='bbox 175 2001 286 2032; x_wconf 81' lang='lat' dir='ltr'>taras.</span> 
     </span>
    </p>

    <p class='ocr_par' dir='ltr' id='par_1_6' title="bbox 176 2043 916 2275">
     <span class='ocr_line' id='line_1_33' title="bbox 223 2043 915 2089; baseline 0 -11"><span class='ocrx_word' id='word_1_231' title='bbox 223 2048 255 2078; x_wconf 92' lang='lat'>4.</span> <span class='ocrx_word' id='word_1_232' title='bbox 282 2054 337 2078; x_wconf 78' lang='lat' dir='ltr'>res</span> <span class='ocrx_word' id='word_1_233' title='bbox 355 2044 421 2089; x_wconf 68' lang='lat' dir='ltr'>est]</span> <span class='ocrx_word' id='word_1_234' title='bbox 442 2043 553 2078; x_wconf 65' lang='lat' dir='ltr'>n‘eiml.</span> <span class='ocrx_word' id='word_1_235' title='bbox 574 2045 653 2085; x_wconf 73' lang='lat' dir='ltr'>tibi,</span> <span class='ocrx_word' id='word_1_236' title='bbox 682 2043 787 2078; x_wconf 77' lang='lat' dir='ltr'>‘hast-</span> <span class='ocrx_word' id='word_1_237' title='bbox 808 2044 856 2077; x_wconf 82' lang='lat' dir='ltr'>(lu</span> <span class='ocrx_word' id='word_1_238' title='bbox 878 2055 915 2078; x_wconf 88' lang='lat' dir='ltr'>es</span> 
     </span>
     <span class='ocr_line' id='line_1_34' title="bbox 177 2091 916 2135; baseline 0.001 -10"><span class='ocrx_word' id='word_1_239' title='bbox 177 2103 221 2125; x_wconf 86' lang='lat' dir='ltr'>zu</span> <span class='ocrx_word' id='word_1_240' title='bbox 240 2091 367 2125; x_wconf 76' lang='lat' dir='ltr'>thun’.</span> <span class='ocrx_word' id='word_1_241' title='bbox 396 2091 463 2125; x_wconf 88' lang='lat' dir='ltr'>Die</span> <span class='ocrx_word' id='word_1_242' title='bbox 477 2091 674 2135; x_wconf 86' lang='lat' dir='ltr'>Wendung</span> <span class='ocrx_word' id='word_1_243' title='bbox 694 2102 773 2125; x_wconf 71' lang='lat' dir='ltr'>cum</span> <span class='ocrx_word' id='word_1_244' title='bbox 793 2092 916 2135; x_wconf 77' lang='lat' dir='ltr'>aliquo</span> 
     </span>
     <span class='ocr_line' id='line_1_35' title="bbox 176 2137 915 2172; baseline 0 0"><span class='ocrx_word' id='word_1_245' title='bbox 176 2148 231 2172; x_wconf 80' lang='lat' dir='ltr'>res</span> <span class='ocrx_word' id='word_1_246' title='bbox 247 2141 296 2172; x_wconf 76' lang='lat' dir='ltr'>est</span> <span class='ocrx_word' id='word_1_247' title='bbox 311 2139 398 2172; x_wconf 65' lang='lat' dir='ltr'>mihi</span> <span class='ocrx_word' id='word_1_248' title='bbox 411 2137 526 2172; x_wconf 76' lang='lat' dir='ltr'>findet</span> <span class='ocrx_word' id='word_1_249' title='bbox 545 2138 624 2172; x_wconf 83' lang='lat' dir='ltr'>sich</span> <span class='ocrx_word' id='word_1_250' title='bbox 645 2138 699 2172; x_wconf 76' lang='lat' dir='ltr'>oft</span> <span class='ocrx_word' id='word_1_251' title='bbox 712 2137 772 2172; x_wconf 89' lang='lat' dir='ltr'>bei</span> <span class='ocrx_word' id='word_1_252' title='bbox 788 2137 915 2172; x_wconf 82' lang='lat' dir='ltr'>Cicero</span> 
     </span>
     <span class='ocr_line' id='line_1_36' title="bbox 176 2184 916 2229; baseline 0.001 -11"><span class='ocrx_word' id='word_1_253' title='bbox 176 2184 252 2218; x_wconf 83' lang='lat' dir='ltr'>und</span> <span class='ocrx_word' id='word_1_254' title='bbox 277 2184 401 2219; x_wconf 84' lang='lat' dir='ltr'>Livius</span> <span class='ocrx_word' id='word_1_255' title='bbox 427 2186 469 2227; x_wconf 80' lang='lat' dir='ltr'>(z,</span> <span class='ocrx_word' id='word_1_256' title='bbox 491 2184 530 2219; x_wconf 86' lang='lat' dir='ltr'>B.</span> <span class='ocrx_word' id='word_1_257' title='bbox 552 2188 594 2218; x_wconf 87' lang='lat'>21</span> <span class='ocrx_word' id='word_1_258' title='bbox 610 2214 618 2229; x_wconf 93' lang='lat'>,</span> <span class='ocrx_word' id='word_1_259' title='bbox 637 2188 699 2229; x_wconf 85' lang='lat'>44,</span> <span class='ocrx_word' id='word_1_260' title='bbox 719 2189 756 2227; x_wconf 79' lang='lat'>63</span> <span class='ocrx_word' id='word_1_261' title='bbox 783 2188 916 2228; x_wconf 82' lang='grc'>49,11.</span> 
     </span>
     <span class='ocr_line' id='line_1_37' title="bbox 179 2234 380 2275; baseline -0.005 -9"><span class='ocrx_word' id='word_1_262' title='bbox 179 2235 234 2273; x_wconf 91' lang='grc'>22,</span> <span class='ocrx_word' id='word_1_263' title='bbox 257 2235 312 2272; x_wconf 89' lang='grc'>12,</span> <span class='ocrx_word' id='word_1_264' title='bbox 333 2234 380 2275; x_wconf 82' lang='lat'>5).</span> 
     </span>
    </p>

    <p class='ocr_par' dir='ltr' id='par_1_7' title="bbox 178 2278 918 2369">
     <span class='ocr_line' id='line_1_38' title="bbox 226 2278 918 2323; baseline -0.001 -10"><span class='ocrx_word' id='word_1_265' title='bbox 226 2283 258 2313; x_wconf 97' lang='lat'>5.</span> <span class='ocrx_word' id='word_1_266' title='bbox 296 2279 520 2312; x_wconf 75' lang='lat' dir='ltr'>hauriendus</span> <span class='ocrx_word' id='word_1_267' title='bbox 621 2278 788 2323; x_wconf 71' lang='lat' dir='ltr'>sanquis]</span> <span class='ocrx_word' id='word_1_268' title='bbox 830 2278 918 2312; x_wconf 85' lang='lat' dir='ltr'>‘wir</span> 
     </span>
     <span class='ocr_line' id='line_1_39' title="bbox 178 2324 916 2369; baseline 0 -9"><span class='ocrx_word' id='word_1_269' title='bbox 178 2328 324 2360; x_wconf 69' lang='lat' dir='ltr'>miissen</span> <span class='ocrx_word' id='word_1_270' title='bbox 340 2324 427 2359; x_wconf 52' lang='lat' dir='ltr'>Brut</span> <span class='ocrx_word' id='word_1_271' title='bbox 443 2324 649 2369; x_wconf 81' lang='lat' dir='ltr'>vergiessen</span> <span class='ocrx_word' id='word_1_272' title='bbox 663 2326 749 2359; x_wconf 88' lang='lat' dir='ltr'>oder</span> <span class='ocrx_word' id='word_1_273' title='bbox 761 2325 881 2359; x_wconf 81' lang='lat' dir='ltr'>lassen</span> <span class='ocrx_word' id='word_1_274' title='bbox 892 2326 916 2360; x_wconf 92' lang='lat'>’.</span> 
     </span>
    </p>

    <p class='ocr_par' dir='ltr' id='par_1_8' title="bbox 178 2372 918 2557">
     <span class='ocr_line' id='line_1_40' title="bbox 224 2372 918 2417; baseline 0 -10"><span class='ocrx_word' id='word_1_275' title='bbox 224 2372 361 2415; x_wconf 75' lang='lat' dir='ltr'>supina</span> <span class='ocrx_word' id='word_1_276' title='bbox 398 2372 505 2417; x_wconf 80' lang='lat' dir='ltr'>valle]</span> <span class='ocrx_word' id='word_1_277' title='bbox 546 2372 627 2406; x_wconf 87' lang='lat' dir='ltr'>Abl.</span> <span class='ocrx_word' id='word_1_278' title='bbox 667 2372 731 2406; x_wconf 87' lang='lat' dir='ltr'>des</span> <span class='ocrx_word' id='word_1_279' title='bbox 769 2372 918 2416; x_wconf 80' lang='lat' dir='ltr'>Weges,</span> 
     </span>
     <span class='ocr_line' id='line_1_41' title="bbox 181 2417 916 2461; baseline 0 -8"><span class='ocrx_word' id='word_1_280' title='bbox 181 2419 258 2453; x_wconf 81' lang='lat' dir='ltr'>‘ins</span> <span class='ocrx_word' id='word_1_281' title='bbox 284 2417 374 2453; x_wconf 82' lang='lat' dir='ltr'>tiefe</span> <span class='ocrx_word' id='word_1_282' title='bbox 396 2418 491 2453; x_wconf 85' lang='lat' dir='ltr'>Thal</span> <span class='ocrx_word' id='word_1_283' title='bbox 516 2418 664 2461; x_wconf 89' lang='lat' dir='ltr'>hinab’,</span> <span class='ocrx_word' id='word_1_284' title='bbox 691 2429 731 2453; x_wconf 82' lang='lat' dir='ltr'>so</span> <span class='ocrx_word' id='word_1_285' title='bbox 758 2418 837 2452; x_wconf 77' lang='lat' dir='ltr'>dass</span> <span class='ocrx_word' id='word_1_286' title='bbox 859 2420 916 2453; x_wconf 88' lang='lat' dir='ltr'>die</span> 
     </span>
     <span class='ocr_line' id='line_1_42' title="bbox 178 2465 916 2509; baseline 0 -9"><span class='ocrx_word' id='word_1_287' title='bbox 178 2466 405 2500; x_wconf 85' lang='lat' dir='ltr'>Fliehenden</span> <span class='ocrx_word' id='word_1_288' title='bbox 425 2465 539 2500; x_wconf 84' lang='lat' dir='ltr'>leicht</span> <span class='ocrx_word' id='word_1_289' title='bbox 554 2467 727 2500; x_wconf 74' lang='lat' dir='ltr'>stfirzten.</span> <span class='ocrx_word' id='word_1_290' title='bbox 766 2469 798 2509; x_wconf 86' lang='lat'>4,</span> <span class='ocrx_word' id='word_1_291' title='bbox 814 2470 869 2509; x_wconf 85' lang='lat'>46,</span> <span class='ocrx_word' id='word_1_292' title='bbox 885 2470 916 2500; x_wconf 86' lang='lat'>5.</span> 
     </span>
     <span class='ocr_line' id='line_1_43' title="bbox 182 2516 342 2557; baseline -0.006 -10"><span class='ocrx_word' id='word_1_293' title='bbox 182 2516 213 2557; x_wconf 81' lang='lat'>6,</span> <span class='ocrx_word' id='word_1_294' title='bbox 234 2516 291 2555; x_wconf 81' lang='lat'>24,</span> <span class='ocrx_word' id='word_1_295' title='bbox 312 2517 342 2547; x_wconf 89' lang='lat'>3.</span> 
     </span>
    </p>

    <p class='ocr_par' dir='ltr' id='par_1_9' title="bbox 180 2558 921 2883">
     <span class='ocr_line' id='line_1_44' title="bbox 228 2558 921 2605; baseline -0.001 -11"><span class='ocrx_word' id='word_1_296' title='bbox 228 2564 259 2595; x_wconf 89' lang='lat'>6.</span> <span class='ocrx_word' id='word_1_297' title='bbox 280 2560 473 2603; x_wconf 74' lang='lat' dir='ltr'>inferenda</span> <span class='ocrx_word' id='word_1_298' title='bbox 489 2562 573 2593; x_wconf 78' lang='lat' dir='ltr'>sunt</span> <span class='ocrx_word' id='word_1_299' title='bbox 587 2559 709 2605; x_wconf 65' lang='lat' dir='ltr'>signa]</span> <span class='ocrx_word' id='word_1_300' title='bbox 733 2558 800 2593; x_wconf 91' lang='lat' dir='ltr'>Die</span> <span class='ocrx_word' id='word_1_301' title='bbox 815 2559 921 2593; x_wconf 73' lang='lat' dir='ltr'>feld-</span> 
     </span>
     <span class='ocr_line' id='line_1_45' title="bbox 181 2606 921 2648; baseline 0 -8"><span class='ocrx_word' id='word_1_302' title='bbox 181 2606 350 2648; x_wconf 86' lang='lat' dir='ltr'>zeichen,</span> <span class='ocrx_word' id='word_1_303' title='bbox 388 2606 526 2640; x_wconf 82' lang='lat' dir='ltr'>welche</span> <span class='ocrx_word' id='word_1_304' title='bbox 553 2610 657 2641; x_wconf 79' lang='lat' dir='ltr'>sonst</span> <span class='ocrx_word' id='word_1_305' title='bbox 682 2606 805 2640; x_wconf 74' lang='lat' dir='ltr'>hinter</span> <span class='ocrx_word' id='word_1_306' title='bbox 837 2606 921 2640; x_wconf 89' lang='lat' dir='ltr'>dem</span> 
     </span>
     <span class='ocr_line' id='line_1_46' title="bbox 180 2652 920 2697; baseline -0.003 -9"><span class='ocrx_word' id='word_1_307' title='bbox 180 2652 453 2688; x_wconf 83' lang='lat' dir='ltr'>Vordertreffen</span> <span class='ocrx_word' id='word_1_308' title='bbox 469 2653 624 2687; x_wconf 72' lang='lat' dir='ltr'>standan</span> <span class='ocrx_word' id='word_1_309' title='bbox 641 2656 697 2696; x_wconf 90' lang='lat' dir='ltr'>(zu</span> <span class='ocrx_word' id='word_1_310' title='bbox 706 2653 798 2697; x_wconf 87' lang='lat' dir='ltr'>Kap.</span> <span class='ocrx_word' id='word_1_311' title='bbox 811 2656 864 2695; x_wconf 92' lang='grc'>16,</span> <span class='ocrx_word' id='word_1_312' title='bbox 874 2655 920 2696; x_wconf 88' lang='grc'>6),</span> 
     </span>
     <span class='ocr_line' id='line_1_47' title="bbox 182 2699 919 2744; baseline -0.001 -10"><span class='ocrx_word' id='word_1_313' title='bbox 182 2701 335 2735; x_wconf 86' lang='lat' dir='ltr'>wurden</span> <span class='ocrx_word' id='word_1_314' title='bbox 361 2700 459 2734; x_wconf 89' lang='lat' dir='ltr'>beim</span> <span class='ocrx_word' id='word_1_315' title='bbox 486 2699 633 2744; x_wconf 83' lang='lat' dir='ltr'>Angriff</span> <span class='ocrx_word' id='word_1_316' title='bbox 661 2711 774 2735; x_wconf 87' lang='lat' dir='ltr'>voran</span> <span class='ocrx_word' id='word_1_317' title='bbox 799 2709 919 2743; x_wconf 85' lang='lat' dir='ltr'>gegen</span> 
     </span>
     <span class='ocr_line' id='line_1_48' title="bbox 182 2746 920 2791; baseline 0 -11"><span class='ocrx_word' id='word_1_318' title='bbox 182 2747 252 2781; x_wconf 90' lang='lat' dir='ltr'>den</span> <span class='ocrx_word' id='word_1_319' title='bbox 295 2746 411 2782; x_wconf 88' lang='lat' dir='ltr'>Feind</span> <span class='ocrx_word' id='word_1_320' title='bbox 455 2751 651 2791; x_wconf 84' lang='lat' dir='ltr'>getragen3</span> <span class='ocrx_word' id='word_1_321' title='bbox 704 2747 819 2781; x_wconf 84' lang='lat' dir='ltr'>daher</span> <span class='ocrx_word' id='word_1_322' title='bbox 862 2746 920 2780; x_wconf 88' lang='lat' dir='ltr'>die</span> 
     </span>
     <span class='ocr_line' id='line_1_49' title="bbox 181 2793 921 2838; baseline 0.001 -11"><span class='ocrx_word' id='word_1_323' title='bbox 181 2794 328 2838; x_wconf 80' lang='lat' dir='ltr'>h&#39;aufige</span> <span class='ocrx_word' id='word_1_324' title='bbox 378 2794 583 2829; x_wconf 84' lang='lat' dir='ltr'>Redensart</span> <span class='ocrx_word' id='word_1_325' title='bbox 631 2795 737 2838; x_wconf 65' lang='lat' dir='ltr'>signa</span> <span class='ocrx_word' id='word_1_326' title='bbox 786 2793 921 2836; x_wconf 79' lang='lat' dir='ltr'>inferre</span> 
     </span>
     <span class='ocr_line' id='line_1_50' title="bbox 183 2842 767 2883; baseline 0.002 -9"><span class='ocrx_word' id='word_1_327' title='bbox 183 2842 230 2883; x_wconf 92' lang='lat'>(3,</span> <span class='ocrx_word' id='word_1_328' title='bbox 255 2845 308 2883; x_wconf 83' lang='grc'>18,</span> <span class='ocrx_word' id='word_1_329' title='bbox 330 2844 367 2883; x_wconf 85' lang='grc'>8;</span> <span class='ocrx_word' id='word_1_330' title='bbox 394 2846 425 2883; x_wconf 91' lang='grc'>4,</span> <span class='ocrx_word' id='word_1_331' title='bbox 448 2845 503 2883; x_wconf 85' lang='grc'>37,</span> <span class='ocrx_word' id='word_1_332' title='bbox 527 2844 585 2880; x_wconf 75' lang='grc' dir='ltr'>11ς</span> <span class='ocrx_word' id='word_1_333' title='bbox 614 2845 645 2881; x_wconf 87' lang='grc'>6,</span> <span class='ocrx_word' id='word_1_334' title='bbox 667 2845 699 2883; x_wconf 82' lang='grc'>8,</span> <span class='ocrx_word' id='word_1_335' title='bbox 721 2842 767 2882; x_wconf 87' lang='lat' dir='ltr'>l).</span> 
     </span>
    </p>

    <p class='ocr_par' dir='ltr' id='par_1_10' title="bbox 229 2887 802 2933">
     <span class='ocr_line' id='line_1_51' title="bbox 229 2887 802 2933; baseline -0.002 -11"><span class='ocrx_word' id='word_1_336' title='bbox 229 2887 448 2933; x_wconf 80' lang='lat' dir='ltr'>vadendum]</span> <span class='ocrx_word' id='word_1_337' title='bbox 478 2887 559 2932; x_wconf 85' lang='lat' dir='ltr'>Vgl.</span> <span class='ocrx_word' id='word_1_338' title='bbox 580 2887 672 2932; x_wconf 88' lang='lat' dir='ltr'>Kap.</span> <span class='ocrx_word' id='word_1_339' title='bbox 696 2891 750 2930; x_wconf 92' lang='lat'>16,</span> <span class='ocrx_word' id='word_1_340' title='bbox 771 2890 802 2921; x_wconf 91' lang='lat'>5.</span> 
     </span>
    </p>
   </div>
   <div class='ocr_carea' id='block_1_3' title="bbox 986 1619 1736 2930">
    <p class='ocr_par' dir='ltr' id='par_1_11' title="bbox 986 1619 1730 1852">
     <span class='ocr_line' id='line_1_52' title="bbox 1035 1619 1730 1665; baseline 0 -11"><span class='ocrx_word' id='word_1_341' title='bbox 1035 1624 1065 1656; x_wconf 82' lang='lat'>7.</span> <span class='ocrx_word' id='word_1_342' title='bbox 1092 1620 1230 1665; x_wconf 76' lang='lat' dir='ltr'>cuneis]</span> <span class='ocrx_word' id='word_1_343' title='bbox 1262 1619 1300 1654; x_wconf 88' lang='lat' dir='ltr'>in</span> <span class='ocrx_word' id='word_1_344' title='bbox 1336 1631 1407 1664; x_wconf 88' lang='lat' dir='ltr'>eng</span> <span class='ocrx_word' id='word_1_345' title='bbox 1442 1619 1730 1664; x_wconf 85' lang='lat' dir='ltr'>geschlossenen</span> 
     </span>
     <span class='ocr_line' id='line_1_53' title="bbox 988 1666 1729 1710; baseline -0.001 -9"><span class='ocrx_word' id='word_1_346' title='bbox 988 1667 1190 1710; x_wconf 83' lang='lat' dir='ltr'>Kolonnen,</span> <span class='ocrx_word' id='word_1_347' title='bbox 1212 1666 1388 1701; x_wconf 65' lang='lat' dir='ltr'>wahrend</span> <span class='ocrx_word' id='word_1_348' title='bbox 1407 1667 1458 1701; x_wconf 86' lang='lat' dir='ltr'>im</span> <span class='ocrx_word' id='word_1_349' title='bbox 1484 1666 1729 1701; x_wconf 75' lang='lat' dir='ltr'>statarischen</span> 
     </span>
     <span class='ocr_line' id='line_1_54' title="bbox 986 1712 1729 1758; baseline -0.001 -10"><span class='ocrx_word' id='word_1_350' title='bbox 986 1714 1144 1758; x_wconf 83' lang='lat' dir='ltr'>Kampfe</span> <span class='ocrx_word' id='word_1_351' title='bbox 1164 1713 1224 1749; x_wconf 89' lang='lat' dir='ltr'>die</span> <span class='ocrx_word' id='word_1_352' title='bbox 1240 1714 1431 1749; x_wconf 86' lang='lat' dir='ltr'>einzelnen</span> <span class='ocrx_word' id='word_1_353' title='bbox 1447 1712 1602 1749; x_wconf 63' lang='lat' dir='ltr'>Streiber</span> <span class='ocrx_word' id='word_1_354' title='bbox 1622 1713 1729 1748; x_wconf 88' lang='lat' dir='ltr'>einen</span> 
     </span>
     <span class='ocr_line' id='line_1_55' title="bbox 987 1761 1729 1806; baseline -0.001 -11"><span class='ocrx_word' id='word_1_355' title='bbox 987 1762 1163 1795; x_wconf 74' lang='lat' dir='ltr'>weiteren</span> <span class='ocrx_word' id='word_1_356' title='bbox 1181 1761 1389 1805; x_wconf 79' lang='lat' dir='ltr'>Spielraum</span> <span class='ocrx_word' id='word_1_357' title='bbox 1409 1761 1539 1796; x_wconf 72' lang='lat' dir='ltr'>hatten</span> <span class='ocrx_word' id='word_1_358' title='bbox 1553 1761 1601 1806; x_wconf 87' lang='lat'>(2,</span> <span class='ocrx_word' id='word_1_359' title='bbox 1619 1763 1675 1804; x_wconf 90' lang='lat'>50,</span> <span class='ocrx_word' id='word_1_360' title='bbox 1691 1763 1729 1802; x_wconf 79' lang='lat'>93</span> 
     </span>
     <span class='ocr_line' id='line_1_56' title="bbox 987 1808 1482 1852; baseline -0.002 -9"><span class='ocrx_word' id='word_1_361' title='bbox 987 1812 1018 1852; x_wconf 83' lang='lat'>8,</span> <span class='ocrx_word' id='word_1_362' title='bbox 1044 1813 1096 1852; x_wconf 93' lang='lat'>10,</span> <span class='ocrx_word' id='word_1_363' title='bbox 1119 1812 1154 1850; x_wconf 78' lang='grc'>0;</span> <span class='ocrx_word' id='word_1_364' title='bbox 1184 1812 1238 1851; x_wconf 88' lang='grc'>10,</span> <span class='ocrx_word' id='word_1_365' title='bbox 1259 1812 1315 1851; x_wconf 79' lang='grc'>29,</span> <span class='ocrx_word' id='word_1_366' title='bbox 1337 1812 1374 1851; x_wconf 73' lang='lat'>73</span> <span class='ocrx_word' id='word_1_367' title='bbox 1402 1808 1482 1852; x_wconf 74' lang='lat' dir='ltr'>oft).</span> 
     </span>
    </p>

    <p class='ocr_par' dir='ltr' id='par_1_12' title="bbox 987 1854 1733 2368">
     <span class='ocr_line' id='line_1_57' title="bbox 1035 1854 1728 1900; baseline -0.003 -10"><span class='ocrx_word' id='word_1_368' title='bbox 1035 1860 1065 1890; x_wconf 90' lang='lat'>8.</span> <span class='ocrx_word' id='word_1_369' title='bbox 1099 1855 1273 1900; x_wconf 71' lang='lat' dir='ltr'>praelati]</span> <span class='ocrx_word' id='word_1_370' title='bbox 1301 1872 1345 1884; x_wconf 91' lang='lat'>=</span> <span class='ocrx_word' id='word_1_371' title='bbox 1369 1855 1596 1899; x_wconf 75' lang='lat' dir='ltr'>praeterlati.</span> <span class='ocrx_word' id='word_1_372' title='bbox 1653 1854 1728 1888; x_wconf 72' lang='lat' dir='ltr'>Das</span> 
     </span>
     <span class='ocr_line' id='line_1_58' title="bbox 988 1901 1731 1946; baseline -0.003 -9"><span class='ocrx_word' id='word_1_373' title='bbox 988 1902 1152 1937; x_wconf 87' lang='lat' dir='ltr'>Verbum</span> <span class='ocrx_word' id='word_1_374' title='bbox 1175 1903 1410 1946; x_wconf 76' lang='lat' dir='ltr'>praeterferri</span> <span class='ocrx_word' id='word_1_375' title='bbox 1429 1902 1543 1936; x_wconf 79' lang='lat' dir='ltr'>findet</span> <span class='ocrx_word' id='word_1_376' title='bbox 1562 1901 1641 1936; x_wconf 81' lang='lat' dir='ltr'>sich</span> <span class='ocrx_word' id='word_1_377' title='bbox 1660 1912 1731 1935; x_wconf 88' lang='lat' dir='ltr'>nur</span> 
     </span>
     <span class='ocr_line' id='line_1_59' title="bbox 989 1948 1730 1991; baseline -0.003 -7"><span class='ocrx_word' id='word_1_378' title='bbox 989 1961 1036 1984; x_wconf 85' lang='lat' dir='ltr'>an</span> <span class='ocrx_word' id='word_1_379' title='bbox 1062 1949 1153 1983; x_wconf 87' lang='lat' dir='ltr'>zwei</span> <span class='ocrx_word' id='word_1_380' title='bbox 1181 1950 1336 1984; x_wconf 73' lang='lat' dir='ltr'>Stellen:</span> <span class='ocrx_word' id='word_1_381' title='bbox 1370 1948 1478 1983; x_wconf 82' lang='lat' dir='ltr'>Luer.</span> <span class='ocrx_word' id='word_1_382' title='bbox 1498 1951 1538 1991; x_wconf 89' lang='lat'>4,</span> <span class='ocrx_word' id='word_1_383' title='bbox 1560 1951 1626 1983; x_wconf 84' lang='lat'>571</span> <span class='ocrx_word' id='word_1_384' title='bbox 1653 1948 1730 1982; x_wconf 86' lang='lat' dir='ltr'>und</span> 
     </span>
     <span class='ocr_line' id='line_1_60' title="bbox 988 1996 1732 2040; baseline -0.001 -10"><span class='ocrx_word' id='word_1_385' title='bbox 988 1996 1065 2031; x_wconf 80' lang='lat' dir='ltr'>Liv.</span> <span class='ocrx_word' id='word_1_386' title='bbox 1087 2001 1143 2039; x_wconf 87' lang='lat'>21,</span> <span class='ocrx_word' id='word_1_387' title='bbox 1164 1999 1220 2039; x_wconf 88' lang='lat'>55,</span> <span class='ocrx_word' id='word_1_388' title='bbox 1243 2000 1262 2030; x_wconf 90' lang='lat'>9</span> <span class='ocrx_word' id='word_1_389' title='bbox 1289 1996 1413 2040; x_wconf 79' lang='lat' dir='ltr'>(simul</span> <span class='ocrx_word' id='word_1_390' title='bbox 1432 1996 1589 2030; x_wconf 83' lang='lat' dir='ltr'>latebras</span> <span class='ocrx_word' id='word_1_391' title='bbox 1610 2005 1732 2030; x_wconf 79' lang='lat' dir='ltr'>eorum</span> 
     </span>
     <span class='ocr_line' id='line_1_61' title="bbox 988 2043 1733 2088; baseline -0.003 -10"><span class='ocrx_word' id='word_1_392' title='bbox 988 2044 1193 2088; x_wconf 78' lang='lat' dir='ltr'>improvida</span> <span class='ocrx_word' id='word_1_393' title='bbox 1198 2044 1423 2087; x_wconf 73' lang='lat' dir='ltr'>praeterlata</span> <span class='ocrx_word' id='word_1_394' title='bbox 1434 2043 1529 2078; x_wconf 80' lang='lat' dir='ltr'>acies</span> <span class='ocrx_word' id='word_1_395' title='bbox 1539 2044 1613 2085; x_wconf 81' lang='lat' dir='ltr'>est).</span> <span class='ocrx_word' id='word_1_396' title='bbox 1622 2052 1733 2086; x_wconf 80' lang='lat' dir='ltr'>prae-</span> 
     </span>
     <span class='ocr_line' id='line_1_62' title="bbox 987 2089 1732 2134; baseline -0.003 -9"><span class='ocrx_word' id='word_1_397' title='bbox 987 2091 1079 2134; x_wconf 76' lang='lat' dir='ltr'>ferri</span> <span class='ocrx_word' id='word_1_398' title='bbox 1103 2090 1154 2125; x_wconf 75' lang='lat' dir='ltr'>ist</span> <span class='ocrx_word' id='word_1_399' title='bbox 1179 2090 1274 2125; x_wconf 85' lang='lat' dir='ltr'>auch</span> <span class='ocrx_word' id='word_1_400' title='bbox 1301 2094 1339 2133; x_wconf 90' lang='grc'>6,</span> <span class='ocrx_word' id='word_1_401' title='bbox 1360 2094 1420 2133; x_wconf 90' lang='grc'>29,</span> <span class='ocrx_word' id='word_1_402' title='bbox 1442 2093 1462 2124; x_wconf 89' lang='grc'><strong>3</strong></span> <span class='ocrx_word' id='word_1_403' title='bbox 1490 2089 1558 2124; x_wconf 76' lang='lat' dir='ltr'>mit</span> <span class='ocrx_word' id='word_1_404' title='bbox 1583 2092 1732 2133; x_wconf 73' lang='lat' dir='ltr'>praeter</span> 
     </span>
     <span class='ocr_line' id='line_1_63' title="bbox 989 2137 1732 2181; baseline -0.003 -9"><span class='ocrx_word' id='word_1_405' title='bbox 989 2137 1202 2172; x_wconf 87' lang='lat' dir='ltr'>verbunden</span> <span class='ocrx_word' id='word_1_406' title='bbox 1221 2139 1380 2181; x_wconf 75' lang='lat' dir='ltr'>(praeter</span> <span class='ocrx_word' id='word_1_407' title='bbox 1397 2140 1517 2172; x_wconf 81' lang='lat' dir='ltr'>castra</span> <span class='ocrx_word' id='word_1_408' title='bbox 1537 2137 1646 2172; x_wconf 78' lang='lat' dir='ltr'>etiam</span> <span class='ocrx_word' id='word_1_409' title='bbox 1663 2146 1732 2171; x_wconf 73' lang='lat' dir='ltr'>swa</span> 
     </span>
     <span class='ocr_line' id='line_1_64' title="bbox 987 2183 1731 2229; baseline -0.003 -10"><span class='ocrx_word' id='word_1_410' title='bbox 987 2195 1121 2229; x_wconf 74' lang='lat' dir='ltr'>pavore</span> <span class='ocrx_word' id='word_1_411' title='bbox 1142 2185 1333 2228; x_wconf 78' lang='lat' dir='ltr'>praelati),</span> <span class='ocrx_word' id='word_1_412' title='bbox 1370 2183 1542 2228; x_wconf 85' lang='lat' dir='ltr'>dagegen</span> <span class='ocrx_word' id='word_1_413' title='bbox 1567 2186 1606 2225; x_wconf 82' lang='lat'>5,</span> <span class='ocrx_word' id='word_1_414' title='bbox 1626 2186 1688 2226; x_wconf 84' lang='lat'>26,</span> <span class='ocrx_word' id='word_1_415' title='bbox 1711 2186 1731 2217; x_wconf 81' lang='grc'>’1</span> 
     </span>
     <span class='ocr_line' id='line_1_65' title="bbox 991 2230 1733 2274; baseline -0.001 -9"><span class='ocrx_word' id='word_1_416' title='bbox 991 2230 1061 2265; x_wconf 80' lang='lat' dir='ltr'>mit</span> <span class='ocrx_word' id='word_1_417' title='bbox 1098 2232 1180 2266; x_wconf 84' lang='lat' dir='ltr'>dem</span> <span class='ocrx_word' id='word_1_418' title='bbox 1206 2230 1336 2265; x_wconf 79' lang='lat' dir='ltr'>Aecus.</span> <span class='ocrx_word' id='word_1_419' title='bbox 1360 2232 1496 2274; x_wconf 80' lang='lat' dir='ltr'>(eastra</span> <span class='ocrx_word' id='word_1_420' title='bbox 1529 2241 1598 2265; x_wconf 79' lang='lat' dir='ltr'>sua</span> <span class='ocrx_word' id='word_1_421' title='bbox 1625 2240 1733 2273; x_wconf 80' lang='lat' dir='ltr'>prae-</span> 
     </span>
     <span class='ocr_line' id='line_1_66' title="bbox 991 2276 1731 2322; baseline -0.003 -10"><span class='ocrx_word' id='word_1_422' title='bbox 991 2279 1089 2322; x_wconf 66' lang='grc' dir='ltr'>ῖαέὴς</span> <span class='ocrx_word' id='word_1_423' title='bbox 1117 2281 1220 2312; x_wconf 71' lang='lat' dir='ltr'>sonst</span> <span class='ocrx_word' id='word_1_424' title='bbox 1234 2277 1333 2313; x_wconf 75' lang='lat' dir='ltr'>steht</span> <span class='ocrx_word' id='word_1_425' title='bbox 1349 2288 1387 2312; x_wconf 85' lang='lat' dir='ltr'>es</span> <span class='ocrx_word' id='word_1_426' title='bbox 1408 2276 1557 2312; x_wconf 74' lang='lat' dir='ltr'>absolut</span> <span class='ocrx_word' id='word_1_427' title='bbox 1569 2279 1731 2322; x_wconf 85' lang='lat'>(2,14‚7;</span> 
     </span>
     <span class='ocr_line' id='line_1_67' title="bbox 991 2327 1193 2368; baseline 0 -9"><span class='ocrx_word' id='word_1_428' title='bbox 991 2329 1047 2367; x_wconf 86' lang='lat'>29,</span> <span class='ocrx_word' id='word_1_429' title='bbox 1069 2329 1125 2367; x_wconf 81' lang='lat'>32,</span> <span class='ocrx_word' id='word_1_430' title='bbox 1147 2327 1193 2368; x_wconf 89' lang='lat'>8).</span> 
     </span>
    </p>

    <p class='ocr_par' dir='ltr' id='par_1_13' title="bbox 991 2369 1736 2734">
     <span class='ocr_line' id='line_1_68' title="bbox 1038 2369 1732 2416; baseline -0.003 -10"><span class='ocrx_word' id='word_1_431' title='bbox 1038 2373 1132 2416; x_wconf 77' lang='lat' dir='ltr'>quod</span> <span class='ocrx_word' id='word_1_432' title='bbox 1152 2401 1159 2407; x_wconf 89' lang='lat'>.</span> <span class='ocrx_word' id='word_1_433' title='bbox 1176 2401 1182 2407; x_wconf 90' lang='lat'>.</span> <span class='ocrx_word' id='word_1_434' title='bbox 1201 2399 1207 2405; x_wconf 99' lang='lat'>.</span> <span class='ocrx_word' id='word_1_435' title='bbox 1223 2371 1424 2416; x_wconf 75' lang='lat' dir='ltr'>Albanam]</span> <span class='ocrx_word' id='word_1_436' title='bbox 1455 2387 1498 2399; x_wconf 89' lang='lat'>=</span> <span class='ocrx_word' id='word_1_437' title='bbox 1523 2381 1641 2406; x_wconf 83' lang='lat' dir='ltr'>arcem</span> <span class='ocrx_word' id='word_1_438' title='bbox 1664 2369 1732 2405; x_wconf 76' lang='lat' dir='ltr'>Az-</span> 
     </span>
     <span class='ocr_line' id='line_1_69' title="bbox 991 2417 1734 2463; baseline -0.004 -10"><span class='ocrx_word' id='word_1_439' title='bbox 991 2419 1136 2462; x_wconf 82' lang='lat' dir='ltr'>banam,</span> <span class='ocrx_word' id='word_1_440' title='bbox 1150 2429 1241 2463; x_wconf 79' lang='lat' dir='ltr'>quae</span> <span class='ocrx_word' id='word_1_441' title='bbox 1251 2418 1450 2453; x_wconf 53' lang='lat' dir='ltr'>editissima</span> <span class='ocrx_word' id='word_1_442' title='bbox 1463 2445 1471 2452; x_wconf 92' lang='lat'>.</span> <span class='ocrx_word' id='word_1_443' title='bbox 1482 2443 1490 2452; x_wconf 93' lang='lat'>.</span> <span class='ocrx_word' id='word_1_444' title='bbox 1500 2444 1508 2452; x_wconf 94' lang='lat'>.</span> <span class='ocrx_word' id='word_1_445' title='bbox 1523 2417 1734 2452; x_wconf 76' lang='lat' dir='ltr'>occurrebat</span> 
     </span>
     <span class='ocr_line' id='line_1_70' title="bbox 991 2462 1732 2508; baseline -0.004 -8"><span class='ocrx_word' id='word_1_446' title='bbox 991 2467 1114 2501; x_wconf 80' lang='lat' dir='ltr'>oeulis.</span> <span class='ocrx_word' id='word_1_447' title='bbox 1152 2465 1239 2499; x_wconf 83' lang='lat' dir='ltr'>Was</span> <span class='ocrx_word' id='word_1_448' title='bbox 1254 2465 1378 2499; x_wconf 84' lang='lat' dir='ltr'>Livius</span> <span class='ocrx_word' id='word_1_449' title='bbox 1398 2465 1507 2499; x_wconf 73' lang='lat' dir='ltr'>unter</span> <span class='ocrx_word' id='word_1_450' title='bbox 1525 2464 1591 2498; x_wconf 85' lang='lat' dir='ltr'>der</span> <span class='ocrx_word' id='word_1_451' title='bbox 1611 2462 1732 2508; x_wconf 81' lang='lat' dir='ltr'>‘Burg</span> 
     </span>
     <span class='ocr_line' id='line_1_71' title="bbox 996 2509 1731 2555; baseline 0.001 -10"><span class='ocrx_word' id='word_1_452' title='bbox 996 2524 1066 2546; x_wconf 88' lang='lat' dir='ltr'>von</span> <span class='ocrx_word' id='word_1_453' title='bbox 1094 2512 1209 2547; x_wconf 82' lang='lat' dir='ltr'>Alba&#39;</span> <span class='ocrx_word' id='word_1_454' title='bbox 1239 2511 1415 2555; x_wconf 73' lang='lat' dir='ltr'>versteht,</span> <span class='ocrx_word' id='word_1_455' title='bbox 1439 2511 1490 2545; x_wconf 73' lang='lat' dir='ltr'>ist</span> <span class='ocrx_word' id='word_1_456' title='bbox 1514 2511 1618 2545; x_wconf 79' lang='lat' dir='ltr'>nicht</span> <span class='ocrx_word' id='word_1_457' title='bbox 1638 2509 1731 2546; x_wconf 86' lang='lat' dir='ltr'>klar.</span> 
     </span>
     <span class='ocr_line' id='line_1_72' title="bbox 994 2555 1736 2602; baseline -0.004 -9"><span class='ocrx_word' id='word_1_458' title='bbox 994 2559 1100 2593; x_wconf 80' lang='lat' dir='ltr'>Nach</span> <span class='ocrx_word' id='word_1_459' title='bbox 1127 2562 1186 2601; x_wconf 69' lang='lat'>§9</span> <span class='ocrx_word' id='word_1_460' title='bbox 1219 2559 1293 2592; x_wconf 89' lang='lat' dir='ltr'>und</span> <span class='ocrx_word' id='word_1_461' title='bbox 1325 2558 1418 2602; x_wconf 87' lang='lat' dir='ltr'>Kap.</span> <span class='ocrx_word' id='word_1_462' title='bbox 1448 2561 1510 2600; x_wconf 86' lang='lat'>25,</span> <span class='ocrx_word' id='word_1_463' title='bbox 1531 2562 1551 2591; x_wconf 91' lang='grc'><strong>3</strong></span> <span class='ocrx_word' id='word_1_464' title='bbox 1583 2555 1736 2591; x_wconf 79' lang='lat' dir='ltr'>umfasst</span> 
     </span>
     <span class='ocr_line' id='line_1_73' title="bbox 995 2603 1734 2640; baseline -0.004 0"><span class='ocrx_word' id='word_1_465' title='bbox 995 2606 1046 2640; x_wconf 83' lang='lat' dir='ltr'>sie</span> <span class='ocrx_word' id='word_1_466' title='bbox 1073 2606 1238 2640; x_wconf 79' lang='lat' dir='ltr'>mehrere</span> <span class='ocrx_word' id='word_1_467' title='bbox 1257 2605 1390 2640; x_wconf 70' lang='lat' dir='ltr'>tumuli</span> <span class='ocrx_word' id='word_1_468' title='bbox 1410 2605 1498 2639; x_wconf 89' lang='lat' dir='ltr'>oder</span> <span class='ocrx_word' id='word_1_469' title='bbox 1516 2607 1649 2639; x_wconf 79' lang='lat' dir='ltr'>montes</span> <span class='ocrx_word' id='word_1_470' title='bbox 1668 2603 1734 2638; x_wconf 79' lang='lat' dir='ltr'>des</span> 
     </span>
     <span class='ocr_line' id='line_1_74' title="bbox 993 2649 1735 2697; baseline -0.004 -10"><span class='ocrx_word' id='word_1_471' title='bbox 993 2651 1347 2697; x_wconf 82' lang='lat' dir='ltr'>Albanergebirges‚</span> <span class='ocrx_word' id='word_1_472' title='bbox 1392 2652 1523 2685; x_wconf 80' lang='lat' dir='ltr'>dessen</span> <span class='ocrx_word' id='word_1_473' title='bbox 1558 2649 1735 2685; x_wconf 67' lang='lat' dir='ltr'>hochstet</span> 
     </span>
     <span class='ocr_line' id='line_1_75' title="bbox 993 2696 1565 2734; baseline -0.005 0"><span class='ocrx_word' id='word_1_474' title='bbox 993 2700 1119 2734; x_wconf 73' lang='lat' dir='ltr'>Punkt</span> <span class='ocrx_word' id='word_1_475' title='bbox 1144 2700 1208 2733; x_wconf 86' lang='lat' dir='ltr'>der</span> <span class='ocrx_word' id='word_1_476' title='bbox 1233 2699 1357 2734; x_wconf 83' lang='lat' dir='ltr'>Monte</span> <span class='ocrx_word' id='word_1_477' title='bbox 1385 2696 1482 2732; x_wconf 88' lang='lat' dir='ltr'>Cavo</span> <span class='ocrx_word' id='word_1_478' title='bbox 1507 2697 1565 2732; x_wconf 72' lang='lat' dir='ltr'>ist.</span> 
     </span>
    </p>

    <p class='ocr_par' dir='ltr' id='par_1_14' title="bbox 992 2743 1734 2874">
     <span class='ocr_line' id='line_1_76' title="bbox 1041 2743 1734 2789; baseline -0.004 -9"><span class='ocrx_word' id='word_1_479' title='bbox 1041 2750 1069 2780; x_wconf 88' lang='grc'>9.</span> <span class='ocrx_word' id='word_1_480' title='bbox 1104 2747 1263 2781; x_wconf 81' lang='lat' dir='ltr'>subicere</span> <span class='ocrx_word' id='word_1_481' title='bbox 1282 2770 1289 2779; x_wconf 94' lang='lat'>.</span> <span class='ocrx_word' id='word_1_482' title='bbox 1305 2773 1313 2780; x_wconf 92' lang='lat'>.</span> <span class='ocrx_word' id='word_1_483' title='bbox 1329 2772 1336 2779; x_wconf 96' lang='lat'>.</span> <span class='ocrx_word' id='word_1_484' title='bbox 1357 2744 1520 2789; x_wconf 78' lang='lat' dir='ltr'>tumulis]</span> <span class='ocrx_word' id='word_1_485' title='bbox 1557 2743 1628 2778; x_wconf 89' lang='lat' dir='ltr'>den</span> <span class='ocrx_word' id='word_1_486' title='bbox 1657 2743 1734 2777; x_wconf 78' lang='lat' dir='ltr'>Hfl-</span> 
     </span>
     <span class='ocr_line' id='line_1_77' title="bbox 993 2789 1733 2837; baseline -0.004 -10"><span class='ocrx_word' id='word_1_487' title='bbox 993 2793 1079 2837; x_wconf 84' lang='lat' dir='ltr'>geln</span> <span class='ocrx_word' id='word_1_488' title='bbox 1104 2792 1348 2835; x_wconf 81' lang='lat' dir='ltr'>blossstellen,</span> <span class='ocrx_word' id='word_1_489' title='bbox 1372 2792 1480 2826; x_wconf 77' lang='lat' dir='ltr'>anter</span> <span class='ocrx_word' id='word_1_490' title='bbox 1504 2789 1563 2825; x_wconf 88' lang='lat' dir='ltr'>die</span> <span class='ocrx_word' id='word_1_491' title='bbox 1581 2790 1626 2825; x_wconf 91' lang='grc' dir='ltr'>Η.</span> <span class='ocrx_word' id='word_1_492' title='bbox 1651 2789 1733 2824; x_wconf 82' lang='grc'>11111-</span> 
     </span>
     <span class='ocr_line' id='line_1_78' title="bbox 992 2840 1136 2874; baseline 0.007 -1"><span class='ocrx_word' id='word_1_493' title='bbox 992 2840 1136 2874; x_wconf 80' lang='lat' dir='ltr'>ffihren.</span> 
     </span>
    </p>

    <p class='ocr_par' dir='ltr' id='par_1_15' title="bbox 1040 2884 1641 2930">
     <span class='ocr_line' id='line_1_79' title="bbox 1040 2884 1641 2930; baseline -0.003 -10"><span class='ocrx_word' id='word_1_494' title='bbox 1040 2886 1151 2922; x_wconf 77' lang='lat' dir='ltr'>militi</span> <span class='ocrx_word' id='word_1_495' title='bbox 1175 2884 1280 2930; x_wconf 80' lang='lat' dir='ltr'>data]</span> <span class='ocrx_word' id='word_1_496' title='bbox 1306 2884 1390 2929; x_wconf 91' lang='lat' dir='ltr'>Vgl.</span> <span class='ocrx_word' id='word_1_497' title='bbox 1417 2884 1510 2929; x_wconf 81' lang='lat' dir='ltr'>Kap.</span> <span class='ocrx_word' id='word_1_498' title='bbox 1533 2887 1587 2929; x_wconf 86' lang='lat'>16,</span> <span class='ocrx_word' id='word_1_499' title='bbox 1608 2887 1641 2919; x_wconf 87' lang='lat'>3.</span> 
     </span>
    </p>
   </div>
  </div>
 </body>
</html>
