1794 3084
619 70 764 106 LIBER
789 70 834 105 V.
881 69 983 106 CAP.
1013 73 1067 105 18.
1569 66 1625 107 35

52 90 79 111 ⁸.
99 83 166 110 Chr.
185 90 213 108 n.
234 83 295 108 897.
316 81 376 107 396.

56 180 322 233 concordiae,
355 178 557 233 Quirites,
588 179 650 220 rei
683 178 868 220 maxime
895 178 939 219 in
965 177 1048 219 hoc
1079 179 1250 231 tempus
1277 175 1389 229 utili,
1420 175 1629 216 memoria

54 239 192 283 nostri
242 238 524 293 magistratus
580 252 656 279 vos
701 237 768 278 his
821 235 1005 278 comitiis
1050 238 1196 290 petere
1241 235 1285 275 in
1331 234 1626 289 insequentem

56 312 216 341 annum
242 297 385 351 video3
420 297 492 338 sed
519 296 710 350 collegas
738 295 908 338 eosdem
936 294 1124 347 reficitis,
1157 294 1286 335 etiam
1313 307 1393 334 usu
1426 292 1626 333 meliores

54 358 215 411 factos,
247 370 314 397 me
347 356 433 397 iam
465 369 554 397 non
587 355 778 408 eundem,
811 354 884 395 sed
913 353 1111 395 umbram
1143 366 1385 407 nomenque
1418 351 1462 392 P.
1490 350 1628 392 Licini

53 416 254 458 relictum
307 414 477 468 videtis3
536 413 647 454 vires
700 413 891 466 corporis
943 412 1152 465 adfectae,
1203 425 1353 453 sensus
1405 410 1628 452 oculorum

55 477 184 530 atque
217 474 383 514 aurium
416 473 613 526 hebetes,
654 471 860 513 memoria
897 471 1035 524 labat,
1075 471 1200 524 vigor
1238 470 1370 512 animi
1403 469 1627 511 obtunsus.

57 547 110 575 en
141 531 295 586 vobis',
334 532 476 586 inquit
513 531 711 572 iuvenem
743 530 879 571 filium
911 532 1082 581 tenens,
1122 528 1326 583 ‘effigiem
1366 531 1494 583 atque
1525 528 1627 569 ima-

56 593 203 647 ginem
231 591 333 645 eius,
359 604 485 645 quem
506 603 582 631 vos
610 591 737 631 antea
760 588 980 630 tribunum
1008 588 1194 629 militum
1222 602 1272 628 ex
1299 587 1421 642 plebe
1442 587 1627 642 primum

55 650 234 693 fecistis.
285 649 399 690 hunc
432 661 512 703 ego
544 647 794 689 institutum
830 646 1058 701 disciplina
1084 661 1180 688 mea
1212 647 1417 688 vicarium
1450 660 1527 700 pro
1561 659 1628 687 me

56 710 120 751 rei
153 707 352 763 publicae
385 707 438 749 do
466 707 658 761 dicoque,
690 720 852 760 vosque
878 720 1050 761 quaeso,
1078 705 1280 757 Quirites,
1307 705 1495 746 delatum
1523 704 1628 746 mihi

54 768 173 809 ultro
205 766 414 808 honorem
447 765 548 807 huic
587 766 752 820 petenti
785 765 978 819 meisque
1016 779 1094 818 pro
1129 778 1178 806 eo
1212 763 1390 806 adiectis
1428 764 1627 818 precibus

53 824 295 868 mandetis.'
358 825 508 866 datum
538 824 581 866 id
613 824 779 879 petenti
818 824 953 878 patri,
994 823 1195 878 filiusque
1234 823 1324 864 eius
1357 822 1402 864 P.
1435 821 1626 864 Licinius

53 885 252 927 tribunus
279 883 464 925 militum
490 884 708 925 consulari
734 885 950 937 potestate
977 896 1073 924 cum
1099 882 1164 936 iis,
1197 896 1303 936 quos
1341 895 1470 936 supra
1497 881 1627 935 scrip-

55 944 203 995 simus,
237 942 492 984 declaratus.

173 1001 361 1043 Titinius
409 1000 708 1056 Genuciusque
754 1000 919 1042 tribuni
963 1000 1150 1041 militum
1198 999 1378 1054 profecti
1424 999 1627 1040 adversus

54 1060 250 1103 Faliscos
278 1059 616 1115 Capenatesque,
643 1060 743 1101 dum
770 1059 931 1100 bellum
957 1059 1121 1100 maiore
1147 1058 1289 1100 animo
1317 1060 1475 1113 gerunt
1500 1072 1629 1112 quam

55 1120 255 1174 consilio,
301 1119 636 1174 praecipitavere
674 1119 721 1159 in
763 1118 954 1159 insidias.
1017 1116 1231 1158 Genucius
1270 1119 1409 1158 morte
1447 1116 1629 1158 honesta

54 1179 344 1221 temeritatem
383 1177 507 1220 luens
549 1179 649 1219 ante
684 1177 809 1232 signa
846 1176 960 1217 inter
990 1177 1202 1230 primores
1236 1175 1404 1229 cecidit3
1441 1175 1628 1217 Titinius

53 1238 100 1280 in
138 1237 300 1279 editum
341 1237 556 1278 tumulum
595 1250 645 1277 ex
686 1236 824 1277 multa
860 1235 1150 1289 trepidatione
1187 1234 1397 1276 militibus
1438 1235 1628 1276 collectis

58 1296 195 1339 aciem
221 1295 427 1349 restituit,
458 1309 536 1337 nec
563 1309 608 1336 se
640 1297 790 1336 tamen
818 1308 952 1348 aequo
984 1294 1078 1335 loco
1111 1293 1229 1335 hosti
1255 1293 1485 1335 commisit.
1529 1294 1628 1348 plus

58 1354 323 1411 ignominiae
357 1356 450 1395 erat
482 1369 609 1409 quam
641 1353 774 1395 cladis
808 1356 1048 1407 acceptum,
1080 1367 1189 1407 quae
1221 1367 1354 1407 prope
1386 1353 1430 1394 in
1463 1352 1627 1394 cladem

56 1414 280 1469 ingentem
312 1413 459 1468 vertit3
496 1415 666 1454 tantum
699 1413 798 1454 inde
836 1412 1013 1453 terroris
1045 1426 1133 1453 non
1165 1411 1328 1453 Romae
1360 1411 1506 1466 modo,
1545 1426 1628 1466 quo

52 1472 281 1527 multiplex
307 1471 425 1514 fama
450 1474 716 1526 pervenerat,
750 1471 823 1514 sed
850 1471 895 1513 in
921 1471 1072 1513 castris
1101 1485 1269 1526 quoque
1295 1470 1377 1512 fuit
1404 1470 1456 1512 ad
1482 1469 1627 1513 Veios.

53 1545 182 1587 aegre
219 1531 280 1573 ibi
321 1531 445 1572 miles
483 1533 674 1572 retentus
716 1545 740 1572 a
777 1530 883 1585 fuga
922 1533 1005 1583 est,
1051 1544 1148 1571 cum
1186 1530 1449 1584 pervasisset
1485 1532 1628 1572 castra

52 1605 214 1645 rumor,
246 1589 426 1632 ducibus
460 1590 735 1644 exercituque
769 1604 893 1631 caeso
926 1589 1135 1631 victorem
1169 1587 1433 1643 Capenatem
1467 1603 1516 1630 ac
1548 1588 1626 1631 Fa-

51 1649 208 1691 liscum
240 1648 525 1703 Etruriaeque
566 1663 734 1690 omnem
773 1649 1044 1690 iuventutem
1081 1647 1197 1689 haud
1235 1648 1384 1702 procul
1422 1648 1520 1689 inde
1554 1648 1626 1690 ab·

52 1722 157 1750 esse.
218 1708 288 1749 his
329 1707 669 1750 tumultuosiora
708 1707 892 1761 Romae,
929 1707 1018 1748 iam
1056 1709 1199 1748 castra
1237 1706 1289 1748 ad
1321 1706 1454 1748 Veios
1494 1721 1626 1762 oppu-

51 1823 288 1868 verwaltung
341 1822 391 1868 (d.
430 1822 466 1858 h.
512 1823 628 1857 durch
672 1833 805 1858 unsere

51 1870 319 1915 Wiederwahl)
346 1870 543 1916 gewinnen
569 1869 728 1905 wollet’.

100 1929 206 1975 utili]
233 1928 346 1964 Dativ
367 1928 429 1964 bei
442 1939 543 1964 omen
557 1931 687 1972 petere.
718 1928 804 1974 Vgl.

55 1980 114 2022 25,
143 1980 199 2021 16,
225 1980 271 2011 20
305 1977 486 2022 eqreyium
517 1977 693 2011 solacium
717 1986 806 2011 suae

51 2024 162 2060 morti
195 2024 445 2066 inventurum3
485 2026 542 2066 35,
569 2026 609 2066 4,
637 2027 659 2058 4
691 2024 806 2058 Iocum

50 2071 203 2108 insidiis
227 2075 446 2116 quaerentes.

100 2133 132 2165 5.
172 2141 216 2165 en
240 2129 356 2175 vobis]
393 2129 489 2164 ‘seht
512 2127 629 2172 hier’;
667 2139 710 2164 en
734 2128 805 2164 mit

54 2178 132 2213 dat.
159 2177 316 2220 ethicus,
342 2176 412 2211 wie
438 2180 472 2220 2,
501 2180 555 2220 12,
586 2180 628 2212 13
655 2187 699 2211 en
725 2177 802 2212 tibi.

103 2236 241 2282 tenens]
274 2247 337 2270 um
370 2234 436 2270 ihn
462 2234 547 2270 dem
572 2234 694 2270 Volke
720 2246 803 2270 vor-

54 2282 246 2319 zustellen.

54 2341 606 2424 bnfffigssssmssaissssss1l⁷5²3932⁶m³
620 2341 802 2423 1{{{”AA¹''

56 2435 191 2480 druek,
228 2447 291 2471 um
330 2435 390 2470 die
426 2400 643 2471 Tieuepssis
678 2400 804 2470 Bniess

55 2482 368 2519 hervorzuheben.
429 2481 503 2518 Der
536 2484 668 2518 Aecus.
707 2483 804 2517 nach

55 2542 100 2567 επ
130 2530 181 2566 ist
212 2529 332 2565 selten
363 2529 453 2573 (Cic.
483 2529 578 2565 Phil.
607 2534 645 2573 5,
674 2533 712 2574 6,
743 2533 802 2571 15;

54 2577 136 2613 Juv.
164 2581 203 2622 2,
231 2581 274 2612 72
302 2589 337 2613 u.
365 2581 398 2622 6,
425 2579 525 2621 531);
558 2577 729 2612 fiblicher
755 2577 805 2611 ist

56 2625 122 2660 der
146 2625 256 2660 Nom.

103 2671 270 2718 dicoque]
297 2682 372 2706 von
398 2669 536 2714 dicare,
562 2671 717 2706 weihen.

97 2718 246 2765 quaeso]
274 2735 317 2748 =
344 2729 421 2762 oro,
439 2717 479 2753 in
504 2718 664 2753 seltener
678 2716 803 2753 Weise

56 2767 126 2801 mit
145 2765 229 2801 dem
250 2765 358 2811 Konj.
380 2765 476 2800 ohne
496 2768 538 2800 ut
563 2765 803 2800 konstruiert.

103 2813 271 2859 meisque]
315 2812 390 2848 Der
421 2812 504 2848 Abl.
541 2812 619 2848 abs.
655 2812 706 2848 ist
743 2824 806 2846 zur

877 1821 1222 1857 nachdrt'icklichen
1235 1821 1530 1868 Hervorhebung
1541 1823 1625 1858 dem

878 1869 978 1904 Part.
1018 1869 1112 1904 coni.
1151 1869 1383 1904 koordiniert
1419 1871 1467 1914 (7,
1498 1874 1558 1913 11,
1589 1875 1625 1913 1;

879 1920 936 1959 25,
964 1919 1019 1960 35,
1047 1920 1086 1960 83
1115 1919 1172 1959 45,
1201 1921 1232 1960 7,
1259 1919 1306 1960 5).

928 1967 958 1998 7.
993 1964 1297 2010 praecipitavere]
1332 1963 1458 1998 Livius
1491 1963 1627 1999 drfickt

878 2010 918 2045 in
955 2010 1021 2045 der
1059 2014 1182 2046 ersten
1221 2011 1373 2046 Dekade
1416 2011 1482 2045 das
1519 2011 1626 2046 nicht

878 2057 1056 2103 gewollte
1101 2057 1354 2093 Hineinfallen
1398 2058 1515 2092 durch
1559 2058 1625 2093 das

876 2104 993 2139 Aktiv
1012 2106 1262 2150 praecipitare
1286 2117 1351 2140 aus
1386 2106 1442 2149 (in
1466 2106 1626 2141 insidias

877 2156 910 2196 2,
937 2156 993 2196 51,
1020 2156 1058 2195 53
1087 2156 1119 2195 6,
1146 2157 1202 2197 30,
1229 2157 1267 2194 4;
1298 2157 1328 2196 7,
1356 2156 1388 2196 6,
1415 2155 1463 2197 9),
1499 2153 1625 2198 spater

876 2200 1084 2245 gebraucht
1111 2210 1150 2234 er
1176 2200 1270 2235 auch
1296 2200 1364 2234 das
1390 2199 1533 2236 Passiv.

925 2249 956 2281 8.
984 2247 1174 2292 commisit]
1207 2246 1291 2292 Vgl.
1320 2251 1352 2292 3,
1379 2251 1436 2291 42,
1463 2251 1485 2281 4
1504 2258 1624 2292 perse-

877 2295 970 2329 cutis
1013 2294 1175 2330 hostibus
1217 2305 1398 2339 nusquam
1435 2305 1470 2330 se
1512 2305 1625 2339 aequo

877 2342 1071 2376 certamine
1099 2342 1362 2377 committentes.

925 2391 957 2423 9.
984 2388 1107 2434 vertit]
1138 2388 1382 2433 ‘ausschlug'.
1420 2388 1495 2423 Das
1516 2387 1626 2424 Wort

878 2435 979 2470 steht
1005 2435 1060 2471 oft
1085 2435 1124 2470 in
1149 2435 1361 2471 reflexivem
1388 2434 1490 2479 Sinn,
1529 2434 1624 2470 ‘sich

877 2482 1049 2526 wenden,
1084 2483 1162 2517 sich
1188 2482 1366 2526 andern'3
1398 2481 1490 2528 Kap.
1518 2486 1574 2525 49,
1602 2485 1623 2516 5

876 2529 951 2564 iam
976 2533 1132 2564 verterat
1155 2530 1319 2573 fortuna.

924 2577 1115 2621 multipleae
1128 2577 1246 2622 fama]
1269 2576 1345 2611 ‘ein
1366 2575 1528 2611 vielfach
1543 2587 1623 2611 ver-

877 2622 1076 2668 grossertes
1104 2623 1306 2666 Gerticht’,
1335 2640 1377 2652 =
1404 2623 1507 2666 fama
1532 2624 1623 2658 mul-

876 2671 1013 2715 tiplicis
1039 2670 1155 2706 cladis
1182 2670 1270 2715 (vgl.
1298 2670 1391 2714 Kap.
1418 2674 1474 2713 20,
1503 2672 1549 2714 8).

927 2720 980 2752 10.
1015 2718 1249 2764 pervasisset]
1289 2716 1374 2762 Vgl.
1403 2717 1494 2762 Kap.
1524 2721 1562 2761 7,
1589 2721 1620 2752 6.

927 2768 980 2800 11.
1012 2765 1068 2800 his
1094 2763 1393 2811 tumultuosiora]
1428 2764 1525 2800 noch
1559 2763 1621 2800 be-

878 2811 1178 2857 unruhigendere
1206 2811 1335 2857 Dinge.

1656 1009 1675 1040 7

1654 1126 1675 1157 8

1655 1304 1674 1335 9

1655 1540 1699 1571 10

1655 1717 1696 1748 11
