1794 3084
72 104 100 124 8.
121 97 187 124 Chr.
207 105 234 122 n.
255 97 314 123 394.

630 85 776 121 LIBER
800 86 844 122 V.
889 85 989 122 CAP.
1016 89 1074 121 28.

1573 85 1630 127 55

75 195 240 252 regenti
271 197 339 237 est
370 195 541 250 similis,
580 196 803 251 religionis
835 195 973 236 iustae
1012 194 1224 249 implevit3
1264 193 1553 249 adductosque
1587 195 1631 236 in

74 255 290 310 publicum
324 254 561 310 hospitium
593 255 760 310 legatos
794 269 889 296 cum
922 255 1136 309 praesidio
1170 254 1300 295 etiam
1332 254 1504 295 navium
1532 253 1631 295 Del-

74 314 182 369 phos
225 318 476 368 prosecutus
520 314 701 356 Romam
747 314 845 355 inde
891 314 1074 368 sospites
1119 313 1322 355 restituit.

72 387 169 416 cum
202 387 250 415 eo
284 376 458 415 senatus
491 374 687 415 consulto
720 376 786 414 est
816 373 978 415 factum
1011 372 1204 428 donaque
1236 373 1404 428 publice
1437 372 1548 414 data.

190 432 353 475 Eodem
380 447 493 474 anno
519 433 562 474 in
589 432 751 487 Aequis
778 432 896 473 varie
922 432 1140 484 bellatum,
1173 432 1277 474 adeo
1310 434 1358 473 ut
1389 433 1434 473 in
1466 432 1630 473 incerto

71 491 203 533 fuerit
235 493 278 534 et
311 492 423 547 apud
454 492 571 546 ipsos
603 491 816 533 exercitus
849 493 892 532 et
925 490 1105 546 Romae,
1143 492 1346 534 vicissent
1376 491 1534 533 victine
1568 505 1630 533 es—

74 554 182 593 sent.
240 551 520 605 imperatores
547 550 731 592 Romani
756 551 873 592 fuere
907 564 956 591 ex
988 550 1173 592 tribunis
1200 551 1385 592 militum
1412 549 1457 592 C.
1488 551 1631 592 Aemi-
1658 561 1678 592 6

73 610 175 664 lius,
207 608 276 664 Sp.
308 609 569 651 Postumius.
625 610 763 664 primo
796 623 887 650 rem
920 610 1206 651 communiter
1238 612 1481 665 gesserunt3
1522 609 1630 651 fusis

72 669 170 712 inde
208 669 297 711 acie
341 668 536 711 hostibus
575 669 808 711 Aemilium
852 668 1065 723 praesidio
1104 668 1390 725 Verruginem
1435 670 1630 711 obtinere

71 728 253 784 placuit,
289 727 558 770 Postumium
596 729 703 771 fines
743 730 924 770 vastare.

71 788 184 828 mine
215 787 514 842 neglegentius
548 788 601 829 ab
633 803 677 830 re
710 789 818 830 bene
852 790 974 843 gesta
1007 789 1178 829 euntem
1211 788 1350 830 adorti
1376 787 1518 843 Aequi
1548 790 1631 829 ter-

70 860 168 888 rore
205 846 362 888 iniecto
401 847 446 888 in
485 847 704 902 proximos
744 847 987 901 compulere
1027 847 1234 903 tumulos3
1277 861 1495 902 pavorque
1533 847 1631 888 inde

71 905 358 961 Verruginem
385 906 514 948 etiam
543 907 595 948 ad
627 907 889 962 praesidium
917 907 1099 948 alterum
1127 908 1193 948 est
1224 906 1428 961 perlatus.
1477 906 1630 948 Postu·
1657 917 1677 948 8

71 965 182 1007 mius
222 965 309 1006 suis
342 965 386 1006 in
423 968 567 1007 tutum
598 967 784 1021 receptis
818 980 913 1007 cum
946 966 1144 1008 contione
1177 966 1384 1007 advocata
1420 969 1628 1007 terrorem

70 1025 314 1079 increparet
352 1039 401 1066 ac
437 1025 587 1081 fugam
627 1050 681 1055 --
721 1026 838 1067 fusos
877 1039 971 1066 esse
1009 1026 1061 1066 ab
1101 1025 1381 1080 ignavissimo
1421 1039 1470 1067 ac
1509 1025 1630 1081 fuga-

72 1084 243 1126 cissimo
275 1083 398 1125 hoste
434 1108 508 1139 —,
544 1086 787 1127 conclamat
818 1084 1042 1126 universus
1076 1084 1287 1126 exercitus
1320 1085 1472 1126 merito
1506 1099 1550 1126 se
1582 1099 1631 1126 ea

72 1143 217 1185 audire
257 1145 300 1184 et
337 1143 464 1185 fateri
503 1144 737 1186 admissum
776 1144 1006 1200 flagitium,
1045 1143 1117 1184 sed
1157 1144 1328 1185 eosdem
1365 1146 1630 1186 correcturos

71 1217 183 1257 esse,
221 1216 360 1257 neque
393 1203 639 1245 diuturnum
672 1204 716 1245 id
755 1203 959 1258 gaudium
996 1203 1196 1245 hostibus
1229 1203 1332 1244 fore.

1393 1205 1631 1258 poscentes,

69 1264 118 1303 ut
150 1261 377 1304 confestim
418 1263 517 1303 inde
555 1263 607 1304 ad
646 1264 788 1304 castra
824 1262 1016 1304 hostium
1055 1262 1228 1303 duceret
1265 1286 1320 1291 —
1363 1264 1405 1303 et
1446 1262 1489 1304 in
1531 1276 1631 1304 con-

71 1323 220 1375 spectu
252 1323 375 1362 erant
404 1322 548 1376 posita
580 1323 624 1363 in
662 1322 791 1376 plano
826 1345 899 1376 —,
937 1321 1045 1363 nihil
1077 1335 1240 1376 poenae
1272 1321 1550 1376 recusabant,
1587 1322 1631 1362 ni

66 1394 118 1421 ea
145 1383 244 1422 ante
270 1382 440 1422 noctem
462 1383 795 1437 expugnassent.
845 1381 1111 1423 collaudatos
1132 1395 1313 1435 corpora
1333 1395 1480 1422 curare
1506 1395 1630 1436 para-

115 1520 269 1566 reyenti]
285 1520 364 1556 scil.
376 1532 453 1557 eam
471 1521 572 1556 ‘dem
580 1522 814 1558 Herrscher’.

114 1568 319 1614 reliqionis]
365 1569 416 1604 Zu
447 1569 594 1614 implere
626 1571 721 1605 setzt
753 1570 813 1605 Li-

68 1615 150 1651 vius
189 1615 367 1651 zuweilen
406 1616 510 1661 (aber
546 1617 606 1652 nie
644 1630 687 1652 zu
725 1629 815 1653 com-

63 1664 176 1709 plere)
204 1663 275 1697 den
299 1662 387 1699 Gen.
417 1664 629 1700 abstrakter
655 1665 815 1710 Begriffe

71 1713 118 1755 (1,
145 1714 201 1753 46,
229 1713 267 1753 8;
301 1715 341 1754 3,
368 1715 432 1756 63,
462 1715 520 1754 103
553 1715 592 1755 4,
619 1716 682 1755 41,
710 1717 748 1755 ἰς
783 1717 814 1756 7,

70 1761 104 1801 7,
131 1762 168 1801 ὅς
197 1762 251 1800 10,
280 1761 334 1801 14,
361 1762 405 1793 20
432 1771 465 1794 u.
495 1760 559 1803 a.),
597 1759 693 1795 doch
719 1761 814 1794 auch

70 1806 142 1840 den
180 1805 264 1839 Abl.
318 1805 426 1841 Diese
464 1806 708 1852 Verbindung
746 1809 815 1842 mit

69 1853 154 1888 dem
189 1851 280 1887 Gen.
320 1853 393 1897 (ein
433 1853 661 1899 Gracismus)
698 1855 815 1889 findet

71 1900 150 1936 sich
178 1900 293 1935 sehon
319 1901 379 1935 bei
405 1900 569 1936 Plautus.

115 1947 329 1994 hospitium]
365 1948 598 1993 ‘Herberge’‚
634 1949 715 1984 hier
749 1950 814 1984 das

71 1994 321 2038 ‘Stadthaus’,
354 1995 392 2030 in
424 1995 605 2031 welchcm
638 1997 698 2032 die
730 2008 814 2032 vom

69 2043 197 2078 Staate
213 2043 468 2078 anerkannten
478 2043 724 2079 Gastfreunde
734 2045 812 2079 auf-

68 2101 293 2136 genommen
319 2091 394 2125 und
416 2091 482 2126 auf
504 2090 718 2127 offentliehe
739 2091 812 2127 Κο-

68 2140 150 2173 sten
176 2138 358 2183 verpflegt
383 2139 544 2174 werden.

115 2189 147 2221 5.
173 2187 215 2220 in
235 2185 387 2232 Aequis]
415 2185 487 2220 Mit
505 2186 619 2222 ihnen
639 2198 716 2221 war
736 2189 813 2222 erst

67 2244 133 2269 vor
155 2233 245 2268 zwei
262 2233 284 2267 J
287 2234 401 2268 ahi-en
420 2233 550 2269 Friede
569 2234 812 2279 geschlossen

67 2281 217 2316 worden
243 2280 348 2325 (Kap.
376 2285 433 2324 23,
463 2283 531 2325 12).

114 2329 156 2363 in
180 2328 332 2374 incerto]
366 2346 411 2357 =
435 2330 622 2364 incertum.
659 2350 702 2354 —
743 2329 811 2364 Bei

67 2375 293 2421 Adjektiven
326 2376 391 2410 der
422 2380 453 2410 2.
482 2376 588 2411 Dekl.
626 2377 722 2411 setzt
752 2376 811 2410 Li-

67 2423 149 2458 vius
173 2424 269 2458 nach
288 2434 360 2458 esse
379 2424 556 2458 zuweilen
576 2425 618 2458 in
637 2424 707 2458 mit
725 2425 808 2458 Abl.

67 2471 197 2506 Neutr.
225 2470 326 2516 Sing.
354 2472 398 2516 (Ζ.
425 2472 464 2506 B.
491 2471 607 2515 praef.
637 2475 657 2505 3
684 2472 726 2505 in
751 2472 810 2506 ob—

67 2529 189 2561 scuro3
223 2523 255 2562 2,
283 2522 314 2562 3,
344 2522 361 2552 1
389 2519 431 2553 in
456 2520 582 2560 dubio,
617 2523 654 2561 3,
684 2522 738 2561 10,
767 2523 809 2553 13

67 2567 109 2601 in
133 2567 304 2611 integro),
337 2565 456 2601 solten
488 2566 549 2602 bei
574 2565 658 2610 Adj.
685 2567 750 2600 der
776 2570 809 2601 3.

68 2613 176 2648 Dekl.
197 2615 240 2658 (z.
262 2613 301 2649 B.
323 2617 356 2656 3,
377 2618 410 2658 8,
431 2617 451 2648 9
472 2624 553 2649 cum
572 2615 691 2648 emitus
710 2614 811 2648 haud

68 2662 110 2696 in
134 2662 242 2704 facili
266 2662 403 2704 essent).

115 2712 148 2743 6.
187 2707 439 2754 Verruyinem]
477 2708 536 2743 ein
570 2708 620 2742 im
647 2712 679 2743 4.
706 2707 811 2742 Buch

69 2756 270 2791 mehrmals
290 2756 496 2791 erwahntes
516 2754 672 2792 Kastell.
705 2754 810 2790 Nach

67 2807 101 2846 4,
128 2806 189 2846 55,
216 2806 236 2838 8
268 2815 303 2838 u.
330 2806 393 2846 58,
420 2807 440 2838 3
473 2802 538 2848 lag
569 2813 606 2838 es
639 2802 728 2838 aber
759 2801 811 2836 im

68 2849 196 2885 Laude
221 2850 287 2885 der
312 2850 483 2896 Volsker,
518 2850 593 2885 und
618 2849 667 2884 da
693 2850 810 2885 einer-

889 1522 978 1557 seits
1005 1521 1066 1557 die
1090 1515 1216 1567 Aquer
1250 1534 1322 1558 von
1349 1521 1422 1556 den
1447 1520 1632 1557 Volskern

889 1569 1004 1604 durch
1036 1570 1102 1605 das
1128 1569 1232 1605 Land
1264 1569 1329 1604 der
1353 1567 1539 1603 Herniker
1570 1579 1632 1614 ge-

887 1617 1014 1652 trennt
1051 1618 1147 1661 sind,
1190 1617 1394 1652 anderseits
1431 1615 1632 1650 Tusculum

887 1664 976 1699 weit
1001 1676 1073 1700 von
1094 1664 1166 1700 den
1185 1664 1353 1700 Grenzen
1373 1664 1437 1698 des
1457 1662 1632 1698 Volsker-

887 1712 1017 1747 landes
1051 1713 1217 1747 entfernt
1247 1713 1313 1756 ist,
1346 1723 1384 1747 so
1416 1711 1539 1746 haben
1572 1710 1631 1746 die

887 1759 969 1793 hier
988 1760 1178 1794 erzahlten
1193 1761 1392 1804 Vorg'zinge
1407 1771 1450 1794 zu
1463 1758 1631 1804 Verrugo

887 1807 1041 1852 gei-inge
1067 1806 1485 1841 VVahrschcinlichkeit.

936 1858 967 1888 7.
994 1855 1039 1889 ab
1065 1866 1104 1889 re
1123 1855 1208 1889 bene
1226 1855 1342 1900 qesta]
1369 1855 1414 1889 ab
1443 1853 1630 1899 ‘infolge’.

887 1901 973 1947 Vgl.
994 1906 1025 1945 3,
1054 1906 1110 1945 61,
1139 1906 1181 1937 13
1209 1902 1342 1937 Sabini
1367 1902 1500 1945 feroces
1525 1902 1570 1936 ab
1593 1913 1632 1937 re

884 1950 1008 1993 priore
1043 1960 1142 1984 anno
1179 1950 1265 1985 bene
1301 1952 1415 1995 qesta3
1455 1952 1494 1993 4,
1521 1952 1582 1991 31,
1609 1953 1629 1984 9

886 1998 1045 2031 exercitu
1071 1998 1116 2032 ab
1142 2008 1180 2032 re
1204 1998 1296 2032 male
1319 2000 1419 2042 qesta
1445 1997 1629 2041 percu1803

874 2047 942 2088 23,
965 2048 1020 2088 36,
1042 2049 1061 2079 2
1089 2045 1135 2080 ab
1154 2055 1192 2079 re
1211 2045 1296 2080 bene
1314 2048 1413 2089 qesta
1437 2045 1631 2079 insolenter

887 2092 1019 2126 laetum
1045 2093 1248 2128 exercitum.
1287 2091 1379 2136 Kap.
1407 2095 1439 2135 5,
1466 2095 1498 2127 3.

932 2140 982 2174 ad
994 2141 1223 2184 praesidium
1238 2139 1406 2185 alterum]
1434 2138 1630 2184 Richtiger

884 2190 1001 2222 ware:
1047 2188 1098 2223 ad
1128 2188 1282 2223 alterum
1317 2188 1528 2230 eoeercitum,
1566 2187 1630 2231 qui

885 2235 927 2268 in
946 2235 1134 2279 praesidio
1161 2239 1247 2270 erat.

932 2285 964 2317 8.
991 2282 1118 2329 fateri]
1145 2283 1250 2318 nicht
1273 2282 1340 2317 Inf.
1367 2281 1497 2317 histor.

931 2330 1082 2376 eosdem]
1111 2330 1163 2365 sie
1272 2330 1378 2365 auch.

931 2380 963 2412 9.
1002 2378 1160 2423 duceret]
1201 2395 1245 2406 =
1279 2380 1451 2422 peryeret.
1502 2376 1628 2412 Livius

882 2423 1092 2468 gebraucht
1105 2426 1233 2460 ducere
1246 2425 1302 2460 oft
1313 2424 1524 2459 intransitiv
1537 2424 1626 2469 (vgl.

883 2469 1017 2516 ἄγειν),
1051 2472 1164 2507 Casan·
1197 2474 1289 2508 stets
1320 2472 1390 2506 mit
1409 2472 1530 2507 einem
1556 2470 1627 2506 Ob-

878 2518 964 2563 jekt
989 2521 1210 2563 (emer-eitum,
1237 2521 1392 2564 eopias):
1421 2522 1451 2560 1,
1473 2523 1529 2561 23,
1552 2524 1571 2553 5
1591 2531 1626 2553 u.

883 2570 939 2610 27,
966 2570 1004 2608 4;
1032 2570 1064 2610 2,
1093 2571 1148 2610 39,
1170 2572 1207 2609 53
1235 2571 1267 2611 9,
1289 2571 1344 2610 35,
1368 2571 1403 2610 13
1431 2570 1487 2609 21,
1509 2569 1565 2610 58,
1589 2569 1627 2610 23

883 2617 940 2656 22,
970 2617 1024 2657 12,
1051 2618 1090 2657 23
1117 2618 1173 2657 23,
1201 2618 1256 2659 18,
1286 2619 1327 2649 13
1361 2627 1395 2648 u.
1422 2618 1479 2657 42,
1506 2617 1544 2658 93
1571 2617 1627 2658 31,

884 2663 940 2703 38,
967 2664 998 2696 2.

932 2708 979 2753 et]
1007 2707 1088 2743 eine
1112 2707 1333 2743 erklarende
1351 2708 1627 2744 Nebenbemer·

884 2755 987 2801 kung
1013 2754 1215 2791 einleitend
1241 2756 1319 2800 (21,
1349 2760 1408 2799 12,
1437 2759 1478 2798 ’ῖς
1511 2759 1568 2801 22,
1596 2760 1626 2801 1,

934 2853 988 2886 10.
1015 2860 1169 2895 corpora
1188 2850 1333 2897 curare]
1357 2850 1451 2885 ‘sich
1472 2863 1516 2885 zu
1535 2851 1626 2886 star-

1392 313 1629 367 hospitium
1657 323 1678 354 5

992 728 1053 769 ibi
1095 743 1191 769 eum
1232 729 1520 782 incomposito
1561 741 1632 784 ag-
1659 739 1677 770 7

1659 1392 1702 1422 10
