1794 3084
56 121 89 141 a.
109 113 175 141 chr.
193 122 221 140 n.
241 115 302 140 396.
618 103 765 140 LIBER
789 104 833 140 V.
879 103 980 140 CAP.
1007 107 1064 140 22.
1564 105 1623 147 43

59 227 110 254 ea
148 212 242 255 sola
279 213 462 267 pecunia
501 213 547 254 in
579 212 800 267 publicum
833 212 1062 269 redigitur,
1100 212 1214 254 haud
1248 212 1340 254 sine
1372 213 1437 254 ira
1469 213 1622 267 plebis.

56 274 102 313 et
140 271 254 327 quod
293 272 498 314 rettulere
538 285 681 313 secum
713 271 917 326 praedae,
955 285 1034 313 nec
1068 271 1182 324 duci,
1220 272 1292 326 qui
1326 271 1378 313 ad
1412 275 1622 325 senatum,

57 330 349 386 malignitatis
395 333 593 372 auctores
637 330 897 384 quaerendo,
942 345 1033 372 rem
1079 330 1247 372 arbitrii
1287 331 1352 372 sui
1391 330 1621 384 reiecisset,

54 403 134 431 nec
173 390 359 443 senatui,
401 389 475 431 sed
507 388 698 431 Liciniae
736 389 947 439 familiae,
987 404 1035 430 ex
1075 404 1159 444 qua
1190 390 1302 431 filius
1335 389 1387 431 ad
1421 392 1621 430 senatum

55 448 314 498 rettulisset,
353 451 476 502 pater
514 451 604 489 tam
637 448 858 503 popularis
892 447 1128 489 sententiae
1162 451 1311 490 auctor
1341 448 1513 501 fuisset,
1552 462 1618 490 ac-

51 509 226 562 ceptum
258 507 516 549 referebant.

174 565 281 608 Cum
322 566 409 608 iam
447 565 661 607 humanae
699 579 801 619 opes
841 567 1015 619 egestae
1054 580 1079 607 a
1112 565 1215 607 Veis
1249 568 1408 617 essent,
1448 566 1619 608 amoliri

52 626 148 666 tum
193 625 319 666 deum
364 624 476 667 dona
519 625 722 679 ipsosque
761 623 880 678 deos,
925 624 998 665 sed
1037 624 1268 666 colentium
1310 626 1449 680 magis
1489 639 1619 680 quam

55 684 318 738 rapientium
351 683 500 737 modo,
540 697 729 737 coepere.
791 697 978 737 namque
1010 683 1164 725 delecti
1196 697 1247 724 ex
1280 685 1396 725 omni
1429 684 1619 726 exercitu

56 743 232 784 iuvenes
271 757 376 797 pure
413 742 545 784 lautis
585 741 855 796 corporibus,
894 741 1077 784 candida
1109 745 1246 795 veste,
1280 743 1433 797 quibus
1467 743 1618 798 depor-

50 801 188 843 tanda
218 801 402 843 Romam
434 801 602 856 Regina
635 799 742 842 Iuno
776 800 1004 856 adsignata
1038 803 1147 855 erat,
1185 802 1479 843 venerabundi
1510 806 1617 844 tem-

53 860 175 914 plum
212 860 364 914 iniere,
402 860 540 915 primo
580 860 783 915 religiose
817 859 1096 902 admoventes
1129 874 1305 914 manus,
1344 861 1456 915 quod
1488 861 1530 902 id
1563 861 1619 903 si-

51 933 184 974 gnum
217 933 335 961 more
361 918 548 961 Etrusco
580 919 664 960 nisi
696 921 838 961 certae
870 920 1012 974 gentis
1040 919 1238 961 sacerdos
1267 922 1495 961 attrectare
1531 934 1618 962 non

47 980 166 1020 esset
207 979 371 1020 solitus
422 979 521 1020 dein
553 992 651 1020 cum
686 977 860 1033 quidam
893 992 968 1019 seu
1000 978 1155 1032 spiritu
1189 978 1333 1020 divino
1367 982 1508 1020 tactus
1543 993 1618 1021 seu

51 1037 246 1079 iuvenali
277 1038 370 1080 ioco
405 1037 546 1079 ‘visne
578 1037 761 1079 Romam
793 1037 873 1091 ire,
904 1036 1063 1079 Iuno‘?'
1098 1037 1288 1090 dixisset,
1320 1038 1521 1079 adnuisse
1555 1052 1618 1079 ce-

54 1097 137 1138 teri
177 1096 300 1145 deam
343 1097 736 1139 conclamaverunt.
786 1096 885 1137 inde
919 1096 1091 1137 fabulae
1126 1096 1340 1138 adiectum
1374 1100 1439 1138 est
1470 1111 1619 1138 vocem

49 1169 222 1210 quoque
262 1155 443 1197 dicentis
483 1156 593 1197 velle
632 1155 844 1208 auditam3
889 1158 1052 1197 motam
1091 1159 1205 1197 certe
1249 1155 1346 1196 sede
1387 1170 1463 1197 sua
1494 1156 1619 1210 parvi

52 1214 295 1256 molimenti
328 1214 597 1257 adminiculis
632 1214 850 1269 sequentis
882 1214 1010 1256 modo
1044 1214 1284 1268 accepimus
1316 1215 1455 1256 levem
1482 1229 1530 1256 ac
1556 1214 1618 1256 fa-

46 1273 175 1315 cilem
206 1273 370 1315 tralatu
402 1274 548 1328 fuisse,
581 1274 881 1329 integramque
913 1273 960 1314 in
991 1273 1268 1328 Aventinum,
1302 1276 1522 1315 aeternam
1554 1287 1618 1315 se-

46 1436 200 1471 wurden
213 1437 475 1481 urspriinglich
490 1436 590 1471 beim
605 1435 793 1471 Verkaufe

46 1483 190 1519 Kranze
217 1483 424 1527 ausgesetzt
443 1484 553 1529 (nach
574 1484 669 1519 Gell.
691 1488 724 1528 6,
739 1486 793 1528 4);

46 1531 163 1566 daher
199 1530 258 1566 die
282 1531 542 1566 Redensarten
567 1532 632 1567 sub
660 1542 795 1567 corona

44 1579 206 1620 vendere,
222 1578 233 1596 ‘
242 1578 280 1613 in
293 1578 353 1613 die
364 1579 556 1614 Sklaverei
565 1579 770 1614 verkaufen
780 1579 790 1594 '

44 1625 164 1669 (Caes.
186 1625 221 1661 b.
243 1625 333 1671 G.3,
351 1630 404 1670 16,
426 1630 459 1661 4.
487 1625 567 1661 Liv.
588 1630 645 1669 24,
661 1630 792 1670 42,11;

45 1676 102 1716 42,
125 1676 180 1717 63,
205 1676 275 1718 12),
300 1684 327 1708 s.
350 1684 378 1709 c.
398 1674 618 1709 venumdare
645 1672 738 1718 (Liv.
760 1677 793 1717 4,

46 1724 102 1762 34,
123 1723 156 1754 4.
183 1719 268 1756 Tac.
295 1719 392 1755 Hist.
423 1725 454 1764 1,
475 1723 545 1764 68),
575 1732 602 1755 s.
624 1731 652 1756 c.
673 1721 794 1756 venire

44 1768 141 1812 (Liv.
168 1770 201 1811 2,
231 1771 285 1811 17,
314 1772 351 1810 6;
388 1771 443 1810 38,
465 1772 521 1811 29,
543 1772 597 1803 11.
633 1767 732 1803 Curt.
760 1771 793 1812 9,

45 1818 78 1858 8,
100 1816 170 1857 15).
202 1813 287 1859 Vgl.
313 1816 379 1850 sub
405 1815 510 1850 hasta
537 1815 630 1860 Kap.
660 1819 713 1858 16,
737 1819 767 1850 7.

91 1861 149 1908 ea]
179 1861 212 1896 d.
234 1861 269 1898 h.
297 1862 364 1897 das
391 1873 431 1897 so
457 1862 613 1907 geloste.

91 1909 296 1955 publicam]
323 1909 624 1944 substantiviert:
652 1909 718 1944 das
740 1909 792 1944 of-

45 1955 226 1992 fentliche
253 1956 346 1999 Gut,
381 1956 724 2001 Staatsvermogen.
752 1957 793 1991 in

39 2004 230 2048 publicum
250 2005 410 2049 recimere
432 2004 535 2038 ‘zum
551 2003 793 2039 offentlichen

45 2050 204 2086 Schatze
231 2050 430 2097 schlagen'
460 2053 507 2096 (2,
529 2057 561 2096 5,
585 2055 602 2086 1
624 2064 659 2087 u.
681 2055 738 2095 42,
759 2055 791 2087 2.

42 2102 77 2141 4,
100 2101 154 2142 10,
176 2103 196 2134 6
221 2111 256 2134 u.
286 2103 341 2142 15,
363 2101 410 2144 8).

89 2146 350 2191 malignitatis]
378 2145 463 2191 Vgl.
491 2146 584 2190 Kap.
610 2150 667 2190 20,
689 2150 719 2181 2.

91 2193 242 2228 arbitrii
265 2194 341 2240 sui]
377 2193 467 2229 Gen.
495 2193 594 2238 qual.
623 2214 666 2219 —
700 2193 792 2228 Eine

41 2250 99 2276 res
138 2241 288 2276 arbitrii
323 2242 394 2276 mei
429 2241 480 2276 ist
530 2241 611 2276 ‘ein
650 2240 793 2285 Gegen-

45 2287 170 2331 stand,
206 2286 368 2324 welcher
397 2288 437 2323 in
463 2288 605 2323 meiner
629 2287 794 2323 Willkflr

43 2334 173 2380 liegt'.

91 2383 282 2428 reiecisset]
312 2383 395 2427 Vgl.
423 2383 517 2428 Kap.
544 2386 601 2427 20,
622 2386 653 2418 9.

90 2433 123 2464 2.
144 2429 269 2476 pater]
302 2429 534 2475 steigerndes
560 2430 790 2475 Asyndeton.

91 2480 275 2522 acceptum
288 2477 437 2524 referre]
461 2477 525 2512 ‘zu
547 2480 635 2522 gnte
657 2476 792 2512 schrei-

43 2524 125 2567 ben,
141 2525 353 2560 anreehnen
363 2525 388 2569 ’‚
409 2525 491 2560 eine
505 2524 714 2559 Redensart
728 2524 793 2558 der

46 2569 403 2616 Gesch'aftssprache
430 2571 520 2617 (Cic.
543 2572 646 2607 Verr.
670 2575 701 2615 1,
726 2575 792 2606 100

43 2630 78 2653 u.
100 2622 184 2661 102;
212 2623 245 2663 2,
267 2623 352 2662 170,
378 2630 445 2665 pro
467 2620 570 2655 Caec.
592 2620 667 2662 17);
695 2619 793 2653 daun

44 2665 285 2711 fibefflragen,
321 2666 577 2702 ‘verdanken’
607 2665 696 2711 (Cic.
724 2676 791 2711 pro

43 2711 165 2748 Deiot.
193 2716 257 2756 38;
290 2713 338 2748 ad
364 2714 442 2748 Att.
466 2718 496 2757 1,
520 2717 574 2756 14,
596 2717 616 2748 3
637 2725 671 2748 u.
695 2717 750 2756 11,
773 2717 790 2747 1

44 2761 152 2803 extr.;
190 2763 267 2796 nat.
300 2761 334 2797 d.
362 2764 401 2805 3,
435 2765 498 2803 86,
538 2760 633 2796 Phil.
661 2764 700 2804 2,
728 2763 791 2803 55,

43 2806 131 2843 Hor.
165 2806 283 2853 Epist.
311 2812 350 2850 2,
386 2812 422 2851 1,
456 2810 540 2853 234)
579 2808 669 2843 oder
709 2807 792 2842 ‘zur

43 2852 135 2890 Last
158 2854 291 2900 legen’
320 2854 433 2900 (Hirt.
459 2855 494 2892 b.
523 2856 564 2891 G.
592 2859 630 2899 8,
659 2858 714 2898 38,
743 2857 789 2899 5).

916 1441 948 1472 3.
974 1449 998 1472 α
1026 1436 1125 1483 Veis]
1147 1436 1274 1472 Livius
1295 1437 1492 1472 verbindet
1512 1439 1618 1472 sonst

866 1495 968 1529 eyero
1007 1485 1077 1519 mit
1115 1495 1158 1519 ex
1191 1488 1237 1529 (6,
1265 1489 1298 1528 3,
1326 1489 1346 1519 5
1381 1495 1425 1520 eo:
1461 1485 1617 1520 hostium

866 1533 987 1574 tectis;
1014 1535 1046 1576 9,
1061 1535 1118 1575 31,
1134 1535 1154 1566 5
1181 1543 1224 1567 ex
1244 1533 1342 1567 omni
1363 1531 1531 1575 Samnio3
1559 1536 1616 1576 30,

868 1583 923 1622 39,
947 1583 966 1614 7
993 1589 1037 1614 ex
1057 1580 1227 1621 aerario).
1255 1578 1322 1614 Bei
1343 1578 1614 1615 Stadtenamen

867 1626 956 1661 aber
994 1626 1062 1661 hat
1099 1637 1139 1661 er
1174 1626 1256 1661 eine
1290 1625 1465 1662 Vorliebe
1497 1626 1557 1661 fiir
1582 1638 1617 1663 a.

867 1673 952 1719 Vgl.
991 1674 1090 1708 exire
1128 1674 1173 1708 ab
1215 1674 1382 1718 Sayunto
1419 1677 1475 1717 21,
1499 1678 1554 1717 13,
1577 1678 1615 1718 7,

867 1719 965 1756 &mire
984 1733 1007 1755 a
1028 1721 1159 1765 Capua
1179 1725 1234 1764 23,
1254 1724 1307 1764 18,
1321 1725 1343 1755 4
1363 1734 1397 1755 u.
1419 1724 1476 1765 25,
1490 1725 1546 1763 22,
1562 1725 1615 1756 11.

913 1768 1034 1814 modo]
1065 1785 1107 1796 =
1134 1769 1175 1803 in
1199 1769 1342 1803 modum
1351 1782 1364 1812 ,·
1389 1768 1483 1812 Kap.
1508 1772 1562 1811 15,
1583 1772 1616 1803 4.

914 1818 946 1850 4.
986 1815 1131 1860 Reqz'na
1169 1815 1283 1860 Iuno]
1324 1815 1617 1860 ungewohnlich

866 1861 926 1896 fiir
944 1861 1042 1897 Iuno
1063 1862 1207 1907 Reyina
1229 1862 1336 1907 (Kap.
1358 1866 1414 1906 21,
1437 1866 1474 1905 3,
1503 1866 1560 1906 31,
1582 1866 1615 1907 3,

867 1913 922 1953 52,
952 1911 1022 1953 10).

912 1956 1091 2002 reliqiose]
1115 1956 1337 2001 ‘angstlicm
1364 1956 1442 1992 voll
1464 1956 1614 1994 Scheu'.

866 2002 951 2048 Vgl.
978 2004 1072 2048 Kap.
1102 2007 1156 2048 13,
1176 2007 1208 2040 8.

915 2055 946 2085 5.
966 2052 1042 2086 ‘nisi
1064 2078 1070 2085 .
1087 2079 1094 2086 .
1113 2080 1119 2086 .
1139 2051 1229 2097 non]
1247 2068 1291 2080 =
1305 2061 1406 2086 nemo
1426 2051 1513 2094 nisi,
1534 2062 1612 2086 nur.

912 2098 1092 2144 iuvenali]
1126 2098 1200 2134 Das
1227 2099 1335 2133 Wort
1374 2098 1500 2133 wurde
1542 2109 1615 2133 von

865 2145 992 2180 Livius
1013 2147 1061 2189 (1,
1083 2149 1139 2190 57,
1164 2150 1222 2188 113
1251 2149 1307 2189 37,
1329 2149 1385 2189 20,
1407 2149 1446 2188 5,
1474 2149 1528 2187 40,
1545 2149 1613 2189 7,2

865 2205 900 2227 u.
929 2197 990 2236 14,
1018 2194 1054 2236 2)
1090 2192 1127 2227 in
1160 2193 1219 2227 die
1253 2192 1368 2228 Prosa
1400 2192 1615 2238 eingeft'ihrt

865 2239 925 2274 fiir
950 2240 1017 2275 das
1042 2239 1248 2275 klassische
1274 2241 1455 2276 iuvenilis.

914 2291 946 2322 6.
990 2287 1157 2334 fabulae]
1202 2286 1277 2322 Das
1316 2287 1504 2322 Zunicken
1547 2286 1614 2323 der

866 2334 997 2370 Gottin
1010 2345 1088 2369 war
1102 2335 1312 2379 sagenhaft,
1333 2334 1415 2370 eine
1426 2334 1612 2380 Legende‚

866 2382 926 2417 ein
963 2381 1142 2417 Marchen
1180 2382 1269 2427 (vgl.
1296 2382 1390 2427 Kap.
1417 2386 1474 2426 21,
1501 2385 1539 2426 8,
1580 2386 1611 2426 1,

865 2433 899 2474 4,
921 2433 939 2464 7
966 2441 999 2464 u.
1031 2433 1085 2473 11,
1107 2432 1152 2473 8).

912 2477 1015 2522 velle]
1050 2477 1127 2512 scil.
1153 2487 1198 2512 se.
1249 2475 1376 2511 Livius
1414 2476 1504 2511 lassi:
1540 2477 1613 2511 den

866 2523 1235 2569 Subjektsaccusativ
1255 2524 1353 2558 beim
1372 2523 1536 2558 Infinitiv
1558 2524 1613 2558 oft

865 2582 947 2616 weg
967 2572 1014 2616 (1,
1036 2575 1093 2612 41,
1115 2574 1152 2614 5,
1181 2575 1213 2614 3,
1235 2575 1291 2615 61,
1313 2574 1344 2605 5.
1378 2571 1472 2616 Kap.
1494 2574 1550 2615 25,
1572 2574 1610 2614 2,

912 2665 1125 2711 molimenti]
1163 2665 1308 2708 ‘Kraft,
1348 2663 1517 2707 Starke',
1551 2664 1612 2698 ein

866 2713 1025 2747 seltenes
1045 2712 1154 2746 Wort
1174 2715 1243 2756 (37,
1267 2716 1321 2755 14,
1344 2716 1374 2746 7.
1403 2711 1506 2746 Caes.
1521 2710 1610 2747 116.

867 2763 899 2803 1,
921 2763 976 2802 34,
993 2763 1012 2793 3
1038 2770 1150 2804 ‘neque
1169 2761 1363 2795 exercitum
1383 2759 1460 2794 sine
1479 2769 1610 2804 mayno

864 2810 1061 2842 commeatu
1087 2810 1193 2851 atque
1212 2807 1415 2842 molimento
1434 2807 1476 2841 in
1494 2817 1610 2842 unum

864 2854 980 2889 locum
1006 2855 1215 2889 contrahere
1234 2855 1366 2899 posse).
