1794 3084
622 77 765 113 LIBER
790 77 868 113 VII.
921 77 1024 114 CAP.
1052 82 1107 113 40.
1589 79 1642 120 87

79 96 106 114 a.
127 88 179 115 Ch.
200 95 229 113 n.
250 88 311 113 342.

78 187 296 230 consulem
338 188 547 239 vestrum,
592 185 710 227 cuius
757 186 886 227 ductu
925 186 1202 241 auspicioque
1240 186 1383 241 priore
1423 201 1537 228 anno
1577 187 1643 228 bis

77 246 271 301 legiones
304 243 562 286 Samnitium
601 244 794 298 fudistis,
832 245 897 286 bis
937 250 1080 287 castra
1112 245 1153 286 vi
1186 245 1371 299 cepistis.
1435 259 1514 300 ego
1549 261 1643 287 sum
1670 259 1688 290 7

78 305 134 347 M.
166 303 365 346 Valerius
399 302 580 357 Corvus,
621 303 802 356 milites,
841 304 958 345 cuius
997 319 1073 346 vos
1113 304 1389 346 nobilitatem
1422 305 1641 347 beneficiis

79 378 183 419 erga
215 377 308 415 vos,
340 377 427 404 non
459 362 626 404 iniuriis
660 362 870 415 sensistis,
904 363 1061 404 nullius
1095 364 1303 417 superbae
1336 364 1380 404 in
1412 378 1488 405 vos
1520 364 1641 419 legis,

78 423 239 465 nullius
267 422 450 463 crudelis
484 424 659 462 senatus
693 422 877 462 consulti
914 424 1078 476 auctor,
1116 423 1161 463 in
1193 423 1391 464 omnibus
1425 423 1531 464 meis
1564 424 1641 464 im-

77 482 209 537 periis
242 481 286 522 in
319 496 385 521 me
419 481 607 522 severior
634 495 762 534 quam
789 480 831 520 in
859 495 947 522 vos.
998 495 1047 522 ac
1073 481 1110 522 si
1137 482 1201 523 cui
1229 495 1376 537 genus,
1408 483 1444 523 si
1472 482 1539 523 cui
1566 497 1642 523 sua
1667 493 1688 525 8

77 541 230 594 virtus,
263 541 298 581 si
331 540 398 581 cui
431 541 561 580 etiam
587 539 811 592 maiestas,
852 539 887 580 si
929 539 995 581 cui
1033 539 1218 582 honores
1252 540 1432 583 subdere
1465 541 1640 596 spiritus

78 602 321 655 potuerunt,
348 599 398 640 iis
427 613 542 639 eram
568 601 708 651 natus,
739 598 782 639 id
810 598 1025 652 specimen
1054 600 1137 640 mci
1171 600 1382 653 dederam,
1415 615 1464 641 ea
1497 603 1639 642 aetate

76 659 346 702 consulatum
379 658 559 711 adeptus
593 672 726 709 eram,
771 660 820 698 ut
860 658 1073 711 potuerim
1112 658 1191 699 tris
1231 662 1274 700 et
1312 659 1470 713 viginti
1503 674 1639 701 annos

76 721 202 760 natus
245 718 392 758 consul
437 716 632 771 patribus
677 730 844 770 quoque
890 716 1010 758 ferox
1050 731 1161 770 esse,
1202 732 1288 759 non
1332 718 1469 759 solum
1514 719 1639 772 plebi.

76 777 190 832 quod
229 791 370 817 meum
408 775 569 817 factum
610 775 824 816 dictumve
863 776 1050 817 consulis
1093 776 1266 830 gravius
1308 791 1436 830 quam
1476 778 1640 819 tribuni
1667 790 1687 820 9

76 835 288 878 audistis?
321 834 470 876 eodem
490 838 641 876 tenore
668 834 749 875 duo
776 835 1050 889 insequentes
1072 836 1321 877 consulatus
1343 837 1470 890 gessi,
1491 837 1639 878 eodem

74 895 180 937 haec
205 894 437 949 imperiosa
463 894 676 935 dictatura
702 896 888 949 geretur,
920 908 1056 948 neque
1083 894 1127 935 in
1152 895 1232 936 hos
1260 909 1376 936 meos
1405 897 1447 936 et
1472 896 1639 949 patriae

74 968 194 996 meae
227 954 384 995 milites
423 953 570 995 mitior
607 967 733 1007 quam
774 953 817 994 in
853 967 926 994 vos
961 977 1013 983 ———
1047 953 1201 995 horreo
1234 953 1371 996 dicere
1403 979 1461 983 —
1494 954 1639 996 hostes

74 1028 158 1056 ero.
215 1027 290 1054 vos
326 1013 444 1068 prius
484 1013 529 1053 in
566 1026 633 1052 me
674 1012 933 1053 strinxeritis
969 1012 1127 1053 ferrum
1174 1027 1303 1067 quam
1347 1014 1391 1055 in
1432 1028 1508 1055 vos
1547 1028 1639 1068 ego.
1669 1027 1711 1058 10

73 1073 202 1114 istinc
235 1073 360 1127 signa
392 1074 559 1125 canent,
591 1070 721 1112 istinc
747 1071 908 1112 clamor
934 1072 1054 1125 prius
1080 1071 1258 1126 incipiet
1284 1075 1413 1127 atque
1439 1073 1639 1127 impetus,

74 1131 109 1173 si
143 1131 434 1172 dimicandum
462 1133 538 1171 est.
588 1129 774 1172 inducite
807 1131 851 1171 in
884 1132 1086 1184 animum,
1119 1130 1230 1185 quod
1262 1146 1349 1172 non
1381 1131 1640 1174 induxerunt
1669 1144 1709 1175 11

70 1194 217 1246 patres
250 1191 401 1245 avique
439 1189 589 1242 vestri,
628 1204 715 1231 non
748 1189 830 1241 illi,
870 1189 941 1244 qui
980 1189 1023 1230 in
1065 1188 1239 1231 Sacrum
1279 1193 1471 1232 montem
1504 1206 1639 1233 seces-

73 1251 234 1302 serunt,
266 1264 352 1290 non
386 1249 450 1302 hi,
484 1248 557 1302 qui
589 1250 740 1302 postea
771 1247 1034 1289 Aventinum
1066 1249 1326 1290 insederunt.
1384 1253 1639 1305 exspectate,
1668 1262 1710 1293 12

71 1308 171 1350 dum
211 1309 334 1350 vobis
373 1308 574 1363 singulis,
619 1312 667 1348 ut
708 1307 810 1348 olim
851 1306 1101 1358 Coriolano,
1146 1313 1305 1350 matres
1348 1310 1638 1364 coniugesque

70 1367 261 1409 crinibus
282 1368 423 1422 passis
445 1367 598 1408 obviae
619 1367 673 1407 ab
694 1367 799 1408 urbe
819 1367 1011 1408 veniant!
1044 1369 1136 1408 tum
1156 1367 1415 1410 Volscorum
1433 1369 1638 1423 legiones,

70 1426 170 1481 quia
209 1426 451 1468 Romanum
490 1426 709 1467 habebant
754 1425 920 1479 ducem,
964 1425 1232 1481 quieverunt3
1279 1442 1372 1481 vos,
1415 1427 1636 1469 Romanus

70 1486 298 1538 exercitus,
339 1500 394 1527 ne
426 1485 678 1526 destiteritis
711 1485 844 1538 impio
878 1484 1009 1526 bello!
1061 1485 1107 1526 T.
1141 1485 1330 1540 Quincti,
1371 1501 1637 1541 quocumque
1668 1498 1708 1530 13

71 1543 170 1586 istic
197 1545 290 1587 loco
319 1560 393 1586 seu
418 1545 568 1586 volens
596 1558 671 1585 seu
697 1544 859 1585 invitus
886 1544 1131 1595 constitisti,
1166 1545 1200 1585 si
1227 1544 1516 1587 dimicandum
1543 1546 1638 1600 erit,

942 1675 972 1706 9.
1000 1672 1117 1706 eodem
1148 1671 1284 1717 tenore]
1325 1671 1383 1706 ‘in
1421 1672 1637 1708 demselben

892 1717 1034 1753 Geiste’
1064 1718 1168 1762 (Kap.
1187 1723 1243 1761 32,
1261 1723 1322 1761 16;
1348 1722 1382 1763 4,
1399 1723 1452 1762 10,
1469 1722 1514 1764 9).

939 1766 1148 1811 imperiosa]
1178 1766 1491 1810 ‘gebieterische’,
1507 1779 1637 1811 wegen

892 1812 957 1847 der
996 1812 1146 1857 grossen
1183 1812 1405 1848 Machtffflle
1443 1813 1509 1849 des
1546 1813 1634 1850 Dik-

889 1860 1020 1894 tators.

119 1672 301 1707 consulem
341 1672 512 1717 vestrum]
548 1670 662 1705 numl.
695 1671 820 1716 priore

67 1729 178 1754 anno.
218 1718 364 1753 Ebenso
384 1719 435 1753 ist
454 1723 473 1761 ξ
491 1722 534 1753 16
554 1722 665 1754 vester
684 1719 820 1761 consul,

69 1770 182 1801 vester
208 1767 408 1810 imperator
433 1778 474 1799 zu
501 1766 711 1800 verstehen.

117 1814 171 1847 bis
197 1817 320 1848 eastra
347 1815 384 1847 vi
410 1812 570 1858 cepistis]
600 1812 675 1846 Das
697 1812 818 1857 Lager

69 1860 136 1894 der
157 1859 350 1894 Samniten
377 1859 435 1895 bei
459 1859 634 1894 Suessula
654 1871 730 1893 war
750 1860 818 1894 mit

66 1905 212 1942 Gewalt
250 1917 472 1952 genommen
511 1907 659 1941 worden
698 1906 816 1951 (Kap.

69 1958 128 1996 37,
157 1955 231 1998 13);
280 1954 449 2000 dagegen
489 1954 555 1988 das
599 1952 721 1997 Lager
758 1964 818 1988 am

73 2000 217 2036 Gaurus
239 2002 370 2037 hatten
391 2002 444 2036 sie
464 2001 558 2036 nach
579 2001 644 2035 der
663 2000 818 2035 Nieder-

69 2047 155 2092 lage
202 2049 300 2084 ohne
346 2048 585 2083 Widerstand
631 2048 819 2083 verlassen

72 2095 180 2141 (Kap.
195 2100 251 2139 33,
269 2097 338 2139 18).

115 2146 146 2177 7.
173 2154 259 2187 erya
296 2142 374 2189 vos]
415 2142 556 2178 sowohl
589 2153 709 2187 gegen
742 2141 816 2177 ein-

67 2189 170 2224 zelne
193 2190 283 2235 (vgl.
300 2191 391 2234 Kap.
410 2194 467 2231 33,
483 2193 518 2234 3)
539 2190 594 2224 als
609 2200 729 2234 gegen
743 2188 817 2224 alle

65 2237 271 2282 insgesamt
296 2238 403 2282 (Kap.
426 2241 482 2281 37,
507 2240 576 2281 17).

111 2285 253 2320 nullius
279 2312 286 2319 .
309 2313 316 2319 .
340 2313 346 2319 .
374 2284 517 2330 auctor]
552 2283 810 2319 iibereinstim-

66 2331 180 2365 mend
205 2332 273 2366 mit
298 2331 392 2376 Kap.
414 2336 470 2374 32,
495 2336 547 2366 16.

114 2381 144 2413 8.
173 2378 360 2424 maiestas]
387 2377 537 2421 theit,
564 2378 714 2412 Wfirde.

112 2426 264 2461 subdere
288 2426 460 2471 spiritus]
483 2425 584 2460 Stolz
606 2424 808 2460 einflo'sscn.

113 2471 178 2518 iis]
208 2473 293 2507 ‘von
322 2473 473 2507 solehen
501 2472 662 2507 Ahnen'.
691 2492 734 2497 ——
762 2472 810 2507 Er

67 2518 199 2554 leitete
226 2519 305 2554 sein
326 2519 549 2554 Geschlecht
570 2520 634 2554 hcr
655 2530 725 2554 von
741 2519 811 2553 Va-

65 2565 180 2601 lerius
201 2566 405 2609 Publicola,
431 2566 573 2602 Konsul
594 2569 662 2601 609
678 2579 709 2601 v.
727 2565 809 2601 Chr.

65 2614 155 2658 (vgl.
182 2614 274 2658 Kap.
291 2617 346 2656 32,
364 2615 433 2659 13).

113 2661 295 2707 dederam]
310 2661 425 2695 durch
442 2660 569 2696 seinen
582 2660 813 2706 Zweikampf

65 2706 134 2742 mit
160 2708 279 2742 einem
306 2707 446 2743 Gallier
473 2707 579 2753 (Kap.
601 2711 671 2746 26).

113 2756 498 2801 trisetviqintiannos]
507 2754 577 2800 vgl
597 2755 808 2798 Kap.26,12.

111 2802 238 2848 serem]
288 2803 357 2837 mit
393 2801 524 2846 Dativ,
572 2801 808 2848 ‘iibermiitig

61 2849 214 2893 gegen’.

940 1910 993 1941 10.
1020 1907 1061 1941 in
1074 1917 1134 1941 vos
1147 1906 1225 1953 eyo]
1247 1907 1359 1942 n'aml.
1373 1909 1510 1951 ferrum
1523 1909 1634 1944 strin-

890 1964 987 1998 9am,
1013 1953 1266 1998 poetisierend
1293 1955 1381 2000 (vgl.
1409 1954 1522 1999 Verg.
1543 1955 1633 1991 Aen.

895 2004 948 2041 10,
971 2004 1050 2044 715)
1077 2002 1171 2036 state
1194 2002 1358 2046 yladium
1383 2004 1574 2049 strinyam.

939 2048 1084 2093 canent]
1124 2049 1270 2083 werden
1310 2050 1532 2094 erschallen,
1571 2061 1634 2096 ge-

891 2094 1021 2129 blasen
1048 2096 1206 2139 werden,
1233 2096 1312 2131 scil.
1336 2099 1454 2141 prius.

940 2146 955 2176 1
966 2146 995 2177 1.
1022 2143 1184 2178 inducite
1198 2144 1432 2189 inanimum]
1447 2144 1632 2180 ironische

891 2189 1170 2235 Aufforderung
1190 2191 1283 2225 statt
1303 2191 1367 2225 der
1380 2191 1633 2237 Abmahnung

884 2237 994 2271 nolite
1026 2237 1197 2272 inducere
1228 2239 1269 2272 in
1301 2240 1482 2282 animum,
1518 2239 1631 2274 naml.

885 2283 993 2318 einen
1018 2284 1160 2329 Kampf
1191 2296 1313 2331 gegen
1344 2285 1554 2332 Mitbiirger
1587 2298 1631 2321 zu

884 2331 1081 2376 beginnen.

931 2390 1005 2414 non
1036 2381 1095 2414 illi
1115 2407 1143 2416 ..
1158 2407 1165 2414 .
1185 2390 1261 2415 ‘non
1285 2380 1340 2426 hi]
1374 2380 1523 2415 zweites
1555 2380 1630 2415 und

884 2425 1016 2461 drittes
1050 2426 1174 2470 G1ied,
1209 2426 1316 2462 nicht
1347 2427 1560 2472 Erklarung
1586 2439 1631 2462 zu

878 2476 1004 2517 patres
1028 2476 1158 2519 avique
1183 2475 1309 2517 vestri,
1335 2475 1384 2509 da
1409 2474 1468 2509 die
1498 2475 1630 2509 beiden

887 2520 1127 2556 Secessionen
1153 2523 1237 2565 (494
1264 2522 1338 2556 und
1365 2525 1432 2556 449
1467 2533 1500 2556 v.
1529 2521 1628 2564 Chr.)

884 2578 951 2602 vor
977 2568 1042 2603 der
1067 2568 1147 2604 Zeit
1180 2568 1244 2603 der
1277 2568 1495 2603 Grossvater
1521 2569 1629 2603 statt-

883 2613 1032 2650 sanden.

933 2665 987 2696 12.
1017 2674 1059 2697 ne
1079 2663 1304 2709 destiteritis]
1322 2663 1525 2697 ironischer
1538 2662 1627 2697 Pro-

882 2708 1017 2744 hibitiv
1046 2709 1186 2753 (steht
1206 2709 1249 2754 ja.
1274 2709 1380 2744 nicht
1405 2709 1509 2753 ab'),
1547 2712 1628 2744 ent-

882 2756 1087 2800 sprechend
1120 2756 1191 2791 den
1231 2755 1482 2801 Imperativen
1518 2757 1627 2792 indu-

882 2804 950 2839 cite
981 2804 1055 2837 und
1094 2808 1305 2848 exspectate.
1359 2805 1464 2839 sinn:
1511 2805 1628 2850 mayis

882 2851 989 2885 etiam
1016 2851 1202 2886 desistetis.
