1794 3084
512 665 832 714 PERIOCHA
870 665 1042 712 LIBRI
1080 664 1135 712 V.

159 784 210 826 In
255 783 480 826 obsidione
518 781 725 825 Veiorum
769 782 1048 824 hibernacula
1091 781 1302 822 militibus
1341 780 1458 822 facta
1495 783 1605 824 sunt.

41 858 92 886 ea
117 857 184 885 res
212 858 307 885 cum
334 845 448 884 esset
472 856 597 895 nova,
629 841 975 897 indignationem
1000 841 1272 882 tribunorum
1303 839 1443 894 plebis
1470 840 1607 881 movit

43 903 313 959 querentium
344 916 432 944 non
464 901 557 943 dari
595 901 710 967 plebi
748 915 827 942 nec
865 915 940 955 per
970 900 1155 942 hiemem
1188 899 1365 940 militiae
1403 898 1605 953 requiem.

42 962 209 1017 equites
241 964 335 1002 tum
367 961 553 1016 primum
587 961 707 1014 equis
741 960 830 1001 suis
863 974 1025 1001 merere
1058 961 1301 1013 coeperunt.
1353 972 1450 999 cum
1481 957 1604 998 inun-

42 1021 160 1062 datio
192 1034 243 1062 ex
274 1020 370 1062 lacu
402 1019 574 1061 Albano
607 1019 722 1060 facta
754 1021 884 1072 esset,
922 1021 1060 1070 vates,
1100 1018 1173 1073 qui
1212 1031 1306 1058 eam
1345 1031 1434 1058 rem
1473 1016 1605 1057 inter-

41 1082 297 1135 pretaretur,
339 1094 390 1120 ex
427 1078 627 1120 hostibus
670 1080 822 1132 captus
855 1081 932 1120 est.
992 1077 1148 1119 Furius
1181 1075 1389 1119 Camillus
1423 1075 1608 1117 dictator

40 1138 186 1181 decem
213 1153 350 1180 annos
379 1138 577 1179 obsessos
604 1136 737 1178 Veios
764 1137 892 1191 cepit,
917 1137 1193 1178 simulacrum
1219 1135 1396 1176 Iunonis
1423 1133 1605 1175 Romam

37 1197 282 1250 transtulit,
327 1197 537 1238 decimam
575 1199 744 1250 partem
784 1195 965 1250 praedae
1003 1195 1195 1249 Delphos
1235 1193 1431 1248 Apollini
1475 1193 1604 1234 misit.

39 1257 154 1298 idem
179 1257 377 1298 tribunus
404 1256 589 1297 militum
611 1269 706 1296 cum
727 1254 920 1296 Faliscos
941 1254 1168 1308 obsideret,
1192 1253 1388 1307 proditos
1413 1251 1606 1293 hostium

38 1315 153 1357 filios
184 1315 435 1369 parentibus
466 1314 634 1355 remisit
666 1313 899 1368 statimque
938 1313 1154 1355 deditione
1192 1313 1307 1354 facta
1338 1310 1607 1352 Faliscorum

37 1375 266 1416 victoriam
309 1373 478 1415 iustitia
522 1375 776 1415 consecutus
821 1375 897 1414 est.
966 1387 1063 1414 cum
1108 1373 1216 1413 alter
1259 1386 1310 1413 ex
1355 1370 1606 1412 censoribus

38 1431 84 1475 C.
109 1432 248 1474 Iulius
281 1431 549 1486 decessisset,
582 1432 627 1474 in
657 1432 799 1474 locum
833 1432 922 1473 eius
954 1431 1009 1472 M.
1039 1430 1266 1473 Cornelius
1299 1429 1502 1471 suffectus
1528 1431 1606 1471 est.

35 1506 115 1534 nec
146 1492 189 1533 id
220 1494 373 1547 postea
411 1491 573 1533 factum
612 1494 696 1545 est,
735 1491 938 1546 quoniam
977 1505 1026 1533 eo
1066 1492 1204 1533 lustro
1239 1505 1264 1531 a
1296 1488 1435 1530 Gallis
1468 1487 1607 1530 Roma

37 1553 165 1605 capta
207 1553 283 1593 est.
344 1550 501 1592 Furius
534 1549 760 1604 Camillus,
798 1564 894 1591 cum
933 1550 971 1591 ei
1010 1550 1099 1592 dies
1139 1550 1193 1591 ab
1227 1549 1272 1590 L.
1308 1547 1492 1602 Apuleio
1525 1547 1606 1588 tri-

38 1610 151 1652 buno
184 1609 323 1664 plebis
357 1609 470 1652 dicta
503 1612 635 1662 esset,
673 1610 718 1650 in
750 1609 925 1650 exilium
958 1609 1076 1651 abiit.
1139 1623 1234 1651 cum
1267 1606 1456 1649 Senones
1490 1606 1606 1648 Galli

37 1667 233 1712 Clusium
266 1669 514 1710 obsiderent
547 1671 590 1710 et
620 1669 757 1723 legati
790 1683 814 1709 a
846 1671 996 1710 senatu
1024 1668 1146 1710 missi
1179 1667 1231 1709 ad
1264 1666 1606 1721 componendam

37 1727 152 1769 inter
185 1742 258 1770 eos
291 1730 334 1769 et
366 1726 567 1770 Clusinos
606 1742 756 1782 pacem
793 1729 1037 1783 pugnantes
1075 1729 1227 1769 contra
1259 1725 1407 1768 Gallos
1440 1725 1484 1766 in
1517 1725 1606 1767 acie

40 1786 318 1830 Clusinorum
344 1787 579 1840 stetissent,
604 1787 687 1828 hoc
714 1786 828 1828 facto
849 1801 996 1828 eorum
1016 1786 1223 1829 concitati
1244 1784 1434 1827 Senones
1454 1784 1606 1826 urbem

38 1846 197 1888 infesto
231 1846 421 1887 exercitu
453 1846 691 1899 petierunt,
728 1845 919 1900 fusisque
953 1846 1006 1887 ad
1038 1845 1182 1887 Aliam
1210 1844 1419 1886 Romanis
1457 1857 1605 1898 cepere

38 1905 185 1947 urbem
231 1907 403 1960 praeter
441 1903 726 1959 Capitolium,
770 1905 816 1945 in
854 1905 966 1959 quod
1008 1919 1052 1946 se
1097 1905 1296 1946 iuventus
1342 1902 1604 1957 contulerat;

37 1964 224 2006 maiores
255 1966 361 2006 natu
393 1978 490 2005 cum
522 1964 765 2018 insignibus
797 1963 1024 2018 honorum,
1057 1978 1163 2019 quos
1191 1963 1372 2018 quisque
1399 1964 1606 2016 gesserat,

37 2023 82 2065 in
109 2023 334 2065 vestibulis
356 2022 524 2064 aedium
546 2022 743 2064 sedentes
767 2022 1027 2066 occiderunt.
1070 2025 1112 2064 et
1139 2037 1234 2064 cum
1253 2021 1371 2064 Galli
1390 2035 1465 2076 per
1486 2035 1605 2062 aver-

39 2096 129 2124 sam
161 2085 331 2137 partem
359 2081 563 2136 Capitolii
589 2081 674 2122 iam
701 2082 746 2122 in
778 2096 992 2123 summum
1020 2082 1272 2134 evasissent,
1303 2080 1464 2135 proditi
1491 2080 1605 2121 clan-

38 2154 142 2197 gore
174 2155 373 2183 anserum
399 2140 456 2182 M.
483 2140 635 2182 Manlii
666 2141 893 2195 praecipue
926 2155 1058 2195 opera
1091 2141 1245 2182 deiecti
1278 2142 1390 2182 sunt.
1441 2140 1604 2181 coactis

38 2199 189 2242 deinde
221 2202 398 2255 propter
429 2200 587 2241 famem
618 2199 826 2241 Romanis
859 2214 901 2242 eo
934 2200 1199 2255 descendere,
1231 2202 1279 2241 ut
1310 2199 1429 2240 mille
1461 2199 1604 2252 pondo

38 2259 131 2301 auri
175 2259 326 2300 darent
370 2262 412 2300 et
449 2259 530 2301 hoc
568 2259 708 2313 pretio
749 2259 876 2300 finem
914 2259 1151 2302 obsidionis
1197 2260 1404 2311 emerent,
1449 2256 1603 2299 Furius

40 2315 260 2372 Camillus,
291 2318 476 2359 dictator
507 2318 661 2359 absens
695 2320 875 2372 creatus,
906 2318 1020 2360 inter
1045 2319 1187 2373 ipsum
1214 2317 1486 2372 colloquium,
1519 2331 1604 2371 quo

41 2375 91 2418 de
121 2377 240 2432 pacis
274 2377 599 2419 condicionibus
632 2377 855 2432 agebatur,
887 2391 983 2418 cum
1016 2378 1202 2419 exercitu
1235 2377 1354 2418 venit
1386 2379 1428 2417 et
1453 2375 1604 2417 Gallos

39 2438 140 2490 post
170 2438 338 2478 sextum
371 2450 560 2478 mensem
592 2436 695 2477 urbe
729 2436 895 2490 expulit
932 2436 1179 2492 ceciditque.
1243 2436 1421 2488 [dictum
1455 2437 1520 2476 est
1552 2435 1604 2476 ad

38 2492 171 2537 Veios
209 2495 481 2550 migrandum
523 2509 615 2536 esse
654 2498 830 2549 propter
866 2495 1084 2537 incensam
1123 2499 1167 2538 et
1204 2495 1394 2537 dirutam
1432 2493 1601 2547 urbem3

41 2553 153 2608 quod
186 2555 412 2596 consilium
444 2552 627 2596 Camillo
661 2556 834 2595 auctore
873 2554 1115 2596 discussum
1154 2557 1232 2596 est.
1293 2553 1431 2595 movit
1470 2567 1603 2618 popu

39 2610 128 2654 lum
166 2613 283 2654 vocis
317 2627 484 2668 quoque
525 2627 651 2655 omen
688 2627 739 2654 ex
777 2613 1027 2654 centurione
1067 2613 1255 2666 auditae,
1295 2612 1387 2667 qui,
1426 2626 1521 2653 cum
1559 2612 1604 2652 iu

39 2668 182 2713 forum
219 2672 428 2726 venisset,
470 2671 814 2726 manipularibus
859 2672 946 2713 suis
992 2672 1175 2713 dixerat:
1226 2671 1310 2713 ‘sta
1348 2671 1490 2724 miles3
1533 2670 1604 2712 hic

42 2730 201 2784 optime
233 2730 516 2773 manebimus'
521 2764 530 2773 .
592 2731 716 2773 aedes
749 2730 832 2772 Aio
865 2730 1046 2773 Locutio
1079 2730 1195 2772 facta
1233 2733 1317 2784 est,
1358 2729 1471 2784 quod
1504 2732 1603 2771 ante

40 2788 192 2831 urbem
224 2792 394 2844 captam
428 2805 510 2832 vox
544 2790 691 2832 audita
723 2792 815 2831 erat
846 2789 1076 2831 adventare
1108 2789 1286 2841 Gallos]

1633 1025 1652 1056 5

1635 1320 1678 1351 10

1634 1616 1677 1649 15

1631 1913 1677 1944 20

1631 2207 1677 2240 25

1629 2503 1675 2536 30

1629 2799 1673 2832 35
