1794 3084
78 87 107 107 8.
127 80 193 107 Chr.
212 87 240 105 n.
261 81 321 106 391).

606 69 750 105 LIBER
774 70 817 106 V.
856 69 957 106 CAP.
984 73 1040 106 48.
1067 73 1123 107 49.
1587 70 1640 112 87

198 179 393 222 Indutiae
439 179 591 220 deinde
633 193 727 221 cum
767 178 974 221 Romanis
1020 178 1157 221 factae
1202 181 1245 221 et
1288 179 1503 235 colloquia
1547 196 1643 234 per-
1667 192 1688 222 4

81 240 216 282 missu
258 238 566 293 imperatorum
611 238 780 292 habita3
826 239 870 280 in
915 238 1069 294 quibus
1114 254 1210 281 cum
1256 238 1488 280 identidem
1528 240 1640 281 Galli

77 298 237 341 famem
288 297 508 340 obicerent
550 312 682 353 eaque
728 298 983 340 necessitate
1028 297 1081 339 ad
1125 298 1384 340 deditionem
1429 301 1641 353 vocarent,

80 358 236 400 dicitur
267 357 523 399 avertendae
561 357 651 398 eius
691 357 904 411 opinionis
945 371 1072 399 causa
1106 357 1254 399 multis
1293 357 1398 399 locis
1431 358 1555 412 panis
1589 358 1640 400 de

80 416 298 472 Capitolio
320 416 503 458 iactatus
525 430 616 458 esse
637 417 680 457 in
700 416 889 458 hostiurn
912 416 1131 458 stationes.
1164 417 1235 458 sed
1257 417 1343 458 iam
1365 431 1502 472 neque
1518 417 1639 459 dissi·
1667 427 1686 459 5

79 476 236 519 mulari
256 490 391 530 neque
412 475 514 517 ferri
535 476 649 517 ultra
668 474 802 516 fames
824 478 1005 529 poterat.
1037 476 1183 530 itaque
1205 475 1304 517 dum
1320 476 1504 518 dictator
1518 476 1640 519 dilec-

77 539 171 578 tum
202 549 278 590 per
310 549 355 576 se
389 534 553 576 Ardeae
585 534 734 584 habet,
767 535 1023 590 magistrum
1057 536 1247 589 equitum
1280 534 1325 576 L.
1359 535 1580 578 Valerium
1614 551 1639 578 a

78 594 182 637 Veis
215 594 420 636 adducere
454 593 686 635 exercitum
719 593 850 647 iubet,
883 596 1008 648 parat
1040 594 1309 649 instruitque,
1343 595 1496 650 quibus
1522 595 1636 637 haud

76 655 216 709 impar
236 653 456 695 adoriatur
475 653 634 706 hostes,
661 652 831 694 interim
854 651 1124 707 Capitolinus
1147 654 1356 695 exercitus
1378 655 1638 697 stationibus
1666 666 1685 696 6

77 713 324 770 vigiliisque
368 712 523 766 fessus,
568 712 782 767 superatis
827 714 971 754 tamen
1014 712 1213 754 humanis
1259 714 1457 755 omnibus
1502 715 1640 769 malis,

76 788 173 816 cum
205 772 363 814 famem
395 786 524 813 unam
556 775 710 813 natura
742 771 853 813 vinci
884 786 969 813 non
1003 772 1179 825 sineret,
1217 772 1329 814 diem
1361 773 1411 814 de
1444 773 1510 815 die
1541 788 1638 828 pro-

78 834 297 887 spectans,
342 831 504 886 ecquod
543 831 748 872 auxilium
789 831 841 873 ab
884 831 1091 873 dictatore
1131 835 1375 887 appareret,
1419 835 1637 887 postremo
1666 844 1685 875 7

74 906 150 947 spe
181 905 349 947 quoque
382 891 486 944 iam,
527 905 614 932 11011
647 891 784 932 solum
817 890 911 932 cibo
944 890 1166 932 deficiente
1199 893 1258 945 et,
1298 906 1394 933 cum
1426 893 1637 934 stationes

73 951 373 1006 procederent,
424 964 557 1004 prope
602 950 883 991 obruentibus
928 950 1143 991 infirmum
1195 965 1349 1004 corpus
1394 952 1524 993 armis
1569 952 1637 994 vel

73 1010 169 1052 dedi
202 1009 270 1052 vel
295 1009 447 1050 redimi
475 1024 531 1062 se,
564 1023 829 1064 quacumque
855 1009 1053 1063 pactione
1085 1012 1277 1064 possent,
1308 1010 1445 1064 iussit,
1477 1011 1636 1053 iactan-

75 1070 191 1112 tibus
217 1083 304 1110 non
330 1069 510 1110 obscure
538 1067 676 1109 Gallis
706 1068 819 1110 haud
846 1082 1005 1123 magna
1030 1069 1221 1110 mercede
1249 1083 1292 1110 se
1321 1069 1471 1111 adduci
1497 1085 1638 1125 posse,

74 1133 123 1171 ut
162 1128 430 1170 obsidionem
473 1128 730 1182 relinquant.

793 1131 884 1169 tum
929 1130 1102 1169 senatus
1147 1128 1321 1169 habitus
1365 1129 1636 1184 tribunisque
1663 1140 1683 1171 8

74 1188 261 1230 militum
293 1187 515 1243 negotium
549 1186 709 1241 datum,
740 1190 788 1228 ut
819 1187 1147 1241 paciscerentur.
1204 1187 1302 1228 inde
1333 1188 1446 1229 inter
1473 1188 1520 1237 Q.
1547 1188 1637 1231 Sul-

73 1248 234 1303 picium
280 1247 504 1288 tribunum
549 1247 734 1287 militum
783 1250 825 1288 et
868 1244 1104 1300 Brennum,
1157 1247 1354 1302 regulum
1400 1246 1636 1299 Gallorum,

72 1305 290 1361 colloquio
317 1308 537 1347 transacta
563 1320 630 1346 res
658 1308 733 1359 est,
766 1308 808 1346 et
833 1305 949 1346 mille
981 1306 1124 1360 pondo
1152 1306 1243 1347 auri
1270 1306 1454 1360 pretium
1486 1308 1636 1362 populi

73 1366 276 1421 gentibus
314 1379 412 1406 mox
450 1365 700 1419 imperaturi
738 1364 910 1407 factum.

972 1365 1033 1406 rei
1064 1365 1339 1407 foedissimae
1377 1380 1454 1420 per
1486 1381 1530 1408 se
1564 1367 1636 1409 ad·
1663 1377 1682 1408 9

71 1425 185 1467 iecta
222 1424 457 1479 indignitas
491 1427 572 1479 est3
611 1423 801 1479 pondera
839 1425 892 1466 ab
926 1423 1061 1466 Gallis
1100 1425 1244 1466 adlata
1281 1425 1447 1480 iniqua,
1486 1429 1529 1468 et
1559 1427 1634 1468 tri-

71 1484 188 1526 buno
227 1486 451 1525 recusante
497 1483 667 1525 additus
713 1484 766 1525 ab
812 1483 1024 1526 insolente
1064 1483 1188 1527 Gallo
1232 1485 1411 1539 ponderi
1454 1486 1635 1541 gladiuS,

72 1544 301 1599 auditaque
332 1543 605 1585 intoleranda
636 1543 843 1585 Romanis
876 1558 975 1585 vox:
1016 1558 1092 1585 vae
1126 1544 1261 1586 victis.

192 1602 275 1645 Sed
301 1602 442 1657 diique
469 1605 512 1644 et
537 1602 733 1644 homines
759 1603 1018 1657 prohibuere
1044 1603 1288 1658 redemptos
1314 1604 1457 1646 vivere
1477 1604 1634 1646 Roma·
1648 1604 1704 1646 49

70 1696 185 1732 naher
228 1695 467 1738 bestimmen;
511 1696 607 1730 auch
645 1696 710 1730 der
746 1696 814 1731 Ur-

70 1756 209 1790 sprung
234 1743 300 1778 des
325 1742 488 1777 Namens
514 1743 564 1789 ist
588 1743 782 1788 ungewiss.

116 1797 148 1828 4.
206 1791 329 1826 multis
373 1791 475 1836 Iocis]
527 1789 813 1837 Ubertreibung.

69 1841 152 1877 Val.
174 1839 269 1874 Max.
291 1842 323 1881 7,
345 1842 376 1881 4,
405 1842 424 1872 3
445 1850 563 1883 panes
588 1839 703 1874 iacere
723 1849 813 1874 com-

66 1889 240 1935 pluribus
265 1897 282 1920 0
307 1886 395 1921 locis
422 1889 622 1931 coeperunt.

118 1959 149 1990 5.
189 1954 231 1989 L.
265 1954 474 2003 Valerium]
529 1956 608 1992 scil.
651 1957 813 1992 Potitum

70 2002 315 2048 Publicolam,
348 2003 659 2039 Konsulartribun
686 2008 754 2040 394
780 2017 814 2040 v.

70 2048 154 2086 Chr.
182 2052 270 2095 (vgl.
299 2051 392 2096 Kap.
419 2056 476 2096 26,
503 2055 550 2095 25,
586 2053 692 2087 nicht
717 2053 815 2088 wohl

73 2098 203 2133 dessen
232 2099 344 2134 Vater
370 2100 459 2144 (vgl.
487 2112 531 2134 zu
550 2100 642 2146 Kap.
666 2104 722 2143 39,
746 2102 813 2143 13).

117 2147 310 2193 adducere]
347 2147 454 2182 nicht
490 2148 586 2182 nach
618 2149 702 2182 dem
737 2150 814 2182 ent-

72 2193 215 2228 101111οη
232 2195 366 2237 Ardea,
387 2194 475 2229 aber
495 2196 586 2230 tiber
606 2196 678 2231 den
691 2195 814 2239 Tiber,

69 2239 155 2275 dem
181 2240 357 2277 Diktator
383 2245 578 2287 entgegen.

115 2289 263 2335 quibus]
292 2307 336 2318 ==
362 2301 416 2332 ea,
441 2291 582 2335 quibus.

118 2363 149 2394 6.
175 2361 397 2396 stationibus
417 2362 636 2408 vigiliisque]
668 2362 814 2396 Erstcre

69 2407 149 2441 sind
170 2407 332 2451 grosserc
347 2408 621 2453 Wachtposten
640 2409 813 2444 wahrend

69 2453 135 2489 des
150 2454 282 2499 Tages,
296 2455 450 2491 letztere
466 2455 630 2492 kleinere
647 2456 814 2492 Wacheu

71 2512 132 2536 zur
157 2501 365 2538 Nachtzeit.

116 2549 252 2596 tamen]
279 2550 495 2586 bezeichnet
518 2551 588 2586 den
610 2550 813 2586 Gedanken

71 2595 126 2631 als
152 2596 258 2632 einen
286 2597 492 2643 Gegensatz
518 2611 560 2633 zu
586 2599 709 2642 sessus

116 2645 209 2680 diem
235 2646 278 2681 de
302 2646 377 2691 dia]
413 2647 510 2691 ‘Tag
537 2646 596 2681 fiir
614 2645 720 2691 Tag’.
755 2649 812 2689 25,

71 2694 128 2735 25,
153 2695 184 2726 4.

118 2742 148 2773 ⁷.
176 2739 272 2786 cum]
298 2740 365 2774 mit
384 2739 486 2775 Coni.
506 2741 702 2776 iterativus
723 2741 812 2785 (vgl.

68 2784 160 2831 Kap.
184 2790 214 2830 1,
235 2790 288 2829 7):
324 2787 380 2822 ‘so
407 2788 462 2822 oft
488 2787 548 2823 die
573 2788 710 2824 Posteu
731 2799 812 2824 vor-

71 2833 236 2879 n‘ickten,
262 2835 517 2870 ausrfickten’.

931 1697 1093 1741 possent]
1120 1696 1229 1732 niiml.
1258 1697 1317 1732 die
1345 1696 1631 1742 Vorgesetzten3

935 1795 966 1826 8.
991 1792 1128 1835 pondo]
1157 1804 1200 1826 zu
1226 1796 1306 1835 327,
1329 1795 1348 1826 5
1376 1791 1537 1826 Gramm.

928 1839 1167 1921 lz'lrlrfiaeperaturi]
1185 1839 1360 1874 ‘welches
1374 1866 1381 1872 .
1394 1867 1400 1873 .
1411 1868 1418 1875 .
1434 1839 1633 1875 herrschen

887 1896 926 1921 so
977 1887 1023 1921 e’.

935 1938 966 1969 9.
1010 1933 1231 1980 indignitas]

888 1981 1109 2026 handlung'.

908 2075 915 2081 ι
935 2029 1081 2092 ἱ’1ι,ι’ςιια]
1112 2028 1337 2076 ‘unbillige',
1362 2029 1445 2065 weil
1468 2029 1630 2064 ‘um-ich-

887 2078 965 2120 tlge
989 2105 994 2110 .

935 2123 999 2160 49.
1029 2129 1058 2159 1.
1086 2144 1129 2150 —
1156 2135 1222 2169 que
1248 2123 1296 2170 ct]
1324 2123 1379 2159 oft
1405 2124 1465 2159 bei
1490 2123 1628 2167 Livius,

888 2171 983 2206 doch
1021 2184 1090 2207 nur
1127 2184 1190 2206 zur
1223 2172 1466 2215 Verbindung
1501 2171 1632 2206 zweier

890 2218 1047 2263 Worter,
1063 2219 1168 2254 nicht
1176 2231 1248 2254 von
1258 2219 1389 2255 S'atzen
1399 2219 1505 2265 (Kap.
1516 2223 1572 2263 51,
1582 2221 1629 2262 3).

929 2267 1163 2314 prohibuere]
1188 2267 1463 2302 ‘verhinderten
1479 2277 1528 2311 es,
1549 2266 1630 2302 dass

889 2342 896 2349 .
913 2341 943 2348 ..
971 2314 1161 2357 mufsten’‚
1187 2315 1257 2349 mit
1282 2314 1367 2349 Acc.
1396 2327 1425 2349 c.
1454 2314 1533 2358 Ins„
1559 2314 1630 2349 wie

887 2365 906 2404 ξ
932 2365 964 2397 8.
1004 2383 1047 2388 -
1087 2363 1160 2397 Der
1185 2361 1354 2398 Loskauf
1382 2362 1506 2397 wurde
1534 2362 1629 2397 ohne

887 2409 1036 2444 Zweifel
1074 2409 1286 2455 vollzogen;
1331 2410 1420 2444 aber
1457 2410 1522 2444 der
1560 2409 1629 2444 Ge-

887 2457 1019 2500 danke,
1048 2457 1127 2492 dass
1154 2458 1233 2492 ihre
1255 2457 1392 2492 Nation
1415 2457 1551 2492 einmal
1572 2457 1630 2491 ihr

886 2503 1023 2539 Dasein
1073 2504 1142 2539 mit
1185 2504 1279 2539 Gelu
1325 2504 1473 2539 erkauft
1521 2504 1627 2547 habe,

887 2562 962 2586 war
1001 2552 1071 2586 deu
1110 2553 1283 2597 spateren
1323 2551 1483 2587 Romern
1523 2562 1627 2586 uner-

887 2599 1059 2643 trstglsth,
1086 2600 1159 2634 und
1182 2610 1220 2634 es
1241 2599 1413 2634 entstand
1440 2599 1499 2633 die
1520 2599 1628 2643 Sage‚

887 2645 1065 2681 Camillus
1100 2645 1196 2681 habe
1233 2647 1303 2681 den
1333 2645 1478 2680 Handel
1512 2646 1628 2681 durch

887 2693 986 2728 scine
1015 2693 1366 2728 Dazwischenkunft
1398 2705 1437 2728 so
1463 2694 1532 2738 gut
1557 2692 1627 2728 wie

886 2742 1146 2785 ungeschehen
1172 2741 1356 2786 gemacht.

933 2787 1146 2833 redemptos]
1190 2787 1425 2832 pradikative
1470 2786 1627 2823 Bestim-

887 2847 976 2871 mun
1020 2835 1156 2881 (‘als').

1279 1933 1512 1978 ‘unwu'rdige
1556 1933 1622 1969 Be-
