1794 3084
169 113 224 157 58
673 114 813 150 LIBER
841 115 882 150 V.
927 114 1030 150 CAP.
1055 119 1110 150 29.
1137 118 1193 151 30.
1439 132 1463 150 a.
1483 133 1511 151 u.
1531 132 1556 151 ο.
1575 126 1635 152 361.
1655 126 1716 155 862.

120 234 140 265 9
168 226 323 265 statem
349 223 565 266 evertisse.
609 237 709 263 nam
737 222 850 276 quod
882 222 945 263 illi
971 225 1192 276 sperarent
1223 223 1471 265 effrenatam
1496 224 1716 267 licentiam

168 283 258 324 eius
300 283 578 338 magistratus
619 284 762 335 patres
805 281 986 335 laturos,
1026 280 1120 322 falli
1161 296 1243 323 eos.
1305 283 1340 324 si
1379 282 1611 325 tribunicia
1651 284 1714 326 vis

166 342 394 383 tribunicio
434 340 592 382 auxilio
630 340 778 394 repelli
815 342 1016 394 nequeat,
1056 340 1170 395 aliud
1210 341 1344 382 telum
1383 343 1527 394 patres
1567 342 1714 384 inven-

99 404 285 442 loturos
326 414 429 442 esse.
491 398 770 452 consulesque
808 399 1073 453 increpabat,
1115 399 1225 453 quod
1257 400 1340 441 fide
1376 400 1548 455 publica
1579 401 1716 456 decipi

166 460 365 501 tribunos
399 472 471 499 eos
504 458 625 498 taciti
662 458 882 510 tulissent,
924 458 997 512 qui
1036 461 1210 499 senatus
1251 459 1551 501 auctoritatem
1583 463 1716 502 secuti

167 521 320 560 essent.
377 517 480 558 haec
512 516 735 571 propalam
762 517 1132 559 contionabundus
1162 518 1207 558 in
1238 517 1327 559 dies
1360 517 1497 572 magis
1529 519 1717 574 augebat

165 577 250 618 iras
282 576 516 617 hominum.

95 635 151 676 30
283 634 487 677 Senatum
528 648 626 676 vero
668 634 846 676 incitare
887 635 1089 677 adversus
1130 636 1269 690 legem
1309 635 1423 677 haud
1463 636 1715 679 desistebat:

166 708 217 735 ne
251 695 374 735 aliter
406 694 709 736 descenderent
739 694 784 734 in
814 694 973 748 forum,
1015 709 1108 736 cum
1147 695 1236 735 dies
1267 694 1464 737 ferendae
1505 695 1614 751 legis
1646 710 1716 738 ve-

165 753 317 808 nisset,
366 768 495 808 quam
535 756 583 794 ut
626 753 697 807 qui
738 753 1032 794 meminissent
1079 754 1160 795 sibi
1201 768 1278 808 pro
1319 754 1402 795 aris
1444 754 1633 809 focisque
1674 757 1717 797 et

165 812 292 853 deum
323 812 497 866 templis
531 827 578 854 ac
611 812 719 864 solo,
757 812 802 852 in
841 826 923 866 quo
962 813 1053 853 nati
1094 815 1254 866 essent,
1292 813 1580 855 dimicandum
1611 813 1714 856 fore.

118 881 138 912 2
164 885 262 912 nam
297 871 409 926 quod
442 871 494 912 ad
528 886 572 912 se
614 870 815 925 privatim
848 871 1048 924 attineat,
1087 871 1123 912 si
1156 885 1256 912 suae
1295 871 1457 926 gloriae
1489 873 1571 914 sibi
1602 873 1716 914 inter

165 930 482 972 dimicationem
514 931 679 985 patriae
712 929 957 971 meminisse
998 931 1054 971 sit
1085 930 1168 983 fas,
1207 930 1288 971 sibi
1326 931 1516 985 amplum
1548 945 1716 986 quoque

164 1004 256 1030 esse
289 989 438 1030 urbem
477 990 530 1030 ab
570 1004 614 1031 se
647 991 815 1042 captam
847 988 1131 1043 frequentari,
1171 989 1346 1030 cottidie
1379 1004 1423 1031 se
1453 989 1536 1031 frui
1568 1004 1716 1032 monu-

163 1051 310 1090 mento
351 1048 512 1103 gloriae
554 1063 654 1089 suae
696 1050 738 1088 et
779 1049 878 1088 ante
920 1048 1064 1089 oculos
1104 1047 1262 1089 habere
1303 1048 1453 1089 urbem
1492 1049 1627 1090 latam
1670 1050 1717 1091 in

118 1118 137 1148 3
170 1107 387 1162 triumpho
427 1122 522 1161 suo,
562 1108 759 1149 insistere
798 1120 944 1148 omnes
977 1107 1171 1161 vestigiis
1204 1106 1380 1148 laudum
1412 1122 1601 1162 suarum3
1642 1108 1716 1149 sed

163 1166 283 1207 nefas
316 1166 465 1208 ducere
498 1167 710 1208 desertam
742 1180 790 1206 ac
821 1165 1012 1206 relictam
1046 1166 1098 1207 ab
1137 1166 1203 1207 dis
1235 1166 1553 1208 immortalibus
1586 1167 1716 1209 incoli

163 1225 312 1266 urbem
366 1228 409 1266 et
451 1226 496 1266 in
541 1226 710 1280 captivo
755 1225 847 1266 solo
894 1225 1090 1266 habitare
1135 1225 1340 1279 populum
1383 1224 1626 1268 Romanum
1673 1228 1717 1268 et

163 1284 334 1326 victrice
366 1284 507 1338 patria
538 1285 695 1326 victam
727 1284 896 1325 mutari.

211 1451 242 1481 9.
268 1447 327 1482 illi

165 1494 229 1529 der
254 1494 483 1529 Pronomina
507 1494 625 1529 findet
649 1494 727 1529 sich
759 1498 820 1539 45,
850 1499 903 1538 19,

164 1545 206 1575 17
238 1553 272 1576 u.
309 1540 410 1576 Caes.
442 1542 476 1576 b.
512 1540 552 1577 G.
588 1546 625 1584 1,
658 1546 719 1585 44,
755 1546 902 1577 11-13.

161 1588 338 1634 Dagegen
370 1589 445 1634 vgl.
481 1601 509 1623 z.
536 1588 576 1623 B.
604 1589 704 1624 Caes.
739 1590 773 1624 b.
802 1590 842 1624 G.
873 1594 904 1633 1,

162 1639 218 1679 34,
245 1640 265 1670 2
291 1637 325 1670 sz'
349 1637 438 1680 quid
463 1637 524 1671 ille
547 1647 583 1671 se
605 1637 700 1679 velit,
726 1638 831 1671 illum
856 1639 905 1673 ad

161 1693 196 1718 se
220 1684 340 1718 venire
365 1687 534 1727 oportere.

435 1447 506 1493 eos]
535 1447 710 1483 Derselbe
729 1447 905 1483 Wechsel
975 1450 1176 1482 moraretur
1202 1458 1225 1481 a
1249 1447 1351 1492 fuya.
1379 1468 1421 1472 -
1457 1447 1563 1482 Nach
1587 1450 1630 1482 ut
1653 1448 1717 1493 qui

977 1493 1111 1538 (selten
1123 1493 1185 1529 bei
1196 1494 1333 1538 Cicero,
1347 1493 1576 1529 mindestens
1587 1498 1631 1529 21
1641 1495 1717 1530 mal

975 1540 1036 1576 bei
1061 1540 1200 1585 Livius)
1231 1540 1327 1586 folgt
1358 1542 1453 1576 auch
1484 1541 1522 1576 in
1554 1541 1717 1577 direkter

976 1588 1078 1623 Rede
1104 1589 1168 1622 der
1192 1587 1434 1634 Konjunktiv.

1024 1639 1056 1669 2.
1082 1636 1247 1681 patriae]
1281 1636 1314 1670 d.
1341 1635 1376 1671 h.
1403 1647 1465 1670 um
1499 1636 1559 1671 die
1584 1635 1716 1671 Erhal-

976 1684 1071 1727 tung
1096 1683 1159 1717 der
1183 1683 1411 1717 Vaterstadt.

208 1730 280 1776 vis]
308 1748 351 1759 =
378 1732 542 1773 licentia3
573 1731 691 1765 daher
716 1731 818 1766 nicht
837 1742 900 1776 po·
1023 1730 1200 1775 amplum]
1247 1729 1490 1773 ‘ehrenvoll’3
1541 1731 1637 1765 auch
1681 1734 1714 1775 2,

162 1781 281 1813 testas.
321 1781 353 1821 3,
379 1782 436 1820 20,
463 1783 494 1813 6.
977 1781 1009 1820 9,
1035 1781 1057 1811 4
1083 1777 1152 1811 mit
1176 1779 1261 1811 Ace.
1288 1788 1319 1812 c.
1344 1776 1413 1812 Inf.

210 1824 335 1871 telum]
363 1825 529 1868 ‘Waffe’,
545 1825 599 1860 oft
612 1824 768 1860 bildlich
784 1828 830 1869 (3,
846 1830 902 1870 55,
1024 1824 1152 1870 latam]
1200 1824 1461 1870 ‘aufgefi'ihrt’,
1510 1824 1607 1859 nach
1650 1824 1716 1859 der

163 1876 184 1906 3
210 1884 243 1906 u.
273 1876 334 1915 69,
361 1876 399 1914 23
438 1877 476 1916 4,
510 1876 566 1916 28,
594 1876 631 1913 53
670 1876 732 1915 21,
765 1877 828 1918 44,
855 1876 901 1918 9).
976 1873 1147 1916 spateren
1185 1870 1295 1914 Sitte,
1334 1871 1415 1906 dass
1453 1870 1716 1916 Abbildungen

165 1918 342 1954 Camillus
367 1918 484 1954 meint
510 1920 569 1954 die
595 1919 783 1956 Diktatur.

212 1970 265 2001 10.
303 1967 374 2010 fide
402 1967 567 2013 publica]
607 1967 722 2002 durch
754 1968 819 2002 das
851 1967 902 2002 im

161 2013 307 2048 Namen
332 2015 396 2048 des
423 2014 570 2049 Staates
596 2015 786 2058 gegebene
813 2015 902 2050 Ver-

977 1918 1164 1953 eroberter
1196 1919 1326 1954 Stadte
1363 1918 1438 1953 und
1468 1919 1616 1963 Burgen
1649 1929 1715 1953 vor

973 1965 1371 2047 gelmdeffriumphator
1419 1965 1715 2011 dahergetragen

162 2062 342 2104 spreehen
380 2061 469 2105 <vgl.
504 2061 577 2096 Cic.
616 2061 653 2095 in
689 2061 766 2096 Cat.
793 2066 826 2106 3,
859 2067 899 2105 83

162 2106 250 2141 Sall.
280 2106 358 2142 Cat.
384 2112 442 2151 47,
471 2113 506 2150 1;
542 2107 620 2152 Iug.
648 2112 703 2151 32,
733 2111 777 2153 1).
828 2109 901 2143 Das

160 2153 416 2198 Versprechen
454 2155 572 2199 bezog
607 2155 682 2189 sich
721 2155 802 2190 hier
840 2156 906 2190 auf

164 2200 223 2236 die
246 2202 503 2245 Beschfitzung
529 2202 593 2236 der
618 2202 901 2237 intercedieren-

162 2247 234 2282 den
255 2248 441 2284 Tribunen
466 2260 585 2294 gegen
607 2249 665 2284 die
687 2249 901 2294 ausgeregte

160 2295 310 2340 Menge,
344 2296 447 2330 nicht
481 2296 546 2330 auf
576 2295 647 2330 den
673 2296 807 2331 Schutz
840 2297 901 2331 bei

161 2342 262 2377 einer
281 2342 463 2388 Anklage,
490 2344 537 2378 da
562 2354 647 2378 man
668 2344 748 2378 eine
776 2343 899 2379 solche

159 2390 803 2482 gaiapgffhtDizwgffJegsssaccusativ
840 2438 900 2472 bei

160 2484 231 2518 den
252 2484 477 2529 Adjektiven
499 2484 565 2519 auf
581 2485 738 2529 bandus,
760 2485 899 2520 welche

162 2531 420 2576 urspri‘inglicb
453 2532 512 2566 die
548 2531 767 2577 Bedeutung
799 2533 898 2567 eines

160 2577 259 2614 Part.
281 2579 380 2613 Pras.
404 2577 545 2623 hatten,
574 2579 623 2614 ist
648 2579 900 2614 unklassisch:

162 2630 200 2707 {i
227 2630 284 2669 47,
311 2630 349 2669 33
380 2629 442 2669 25,
472 2630 532 2670 13,
559 2630 580 2660 4
614 2625 768 2672 (Βτῇςθτ
792 2627 837 2663 Η.
865 2627 900 2662 S.

210 2720 276 2759 30.
305 2676 334 2756 i.
362 2720 482 2765 leyem]
509 2719 599 2764 Kap.
627 2724 684 2763 24,
711 2724 813 2756 7-8,

210 2772 252 2802 ut
270 2768 349 2813 qui]
378 2784 422 2795 =
441 2771 482 2802 ut
501 2768 540 2809 ii,
566 2769 629 2812 qui
657 2769 741 2803 ‘wie
762 2768 899 2811 solche,

163 2814 332 2849 welche⁷.
382 2813 467 2860 Vgl.
496 2818 556 2856 10,
584 2819 644 2858 41,
671 2819 693 2850 4
724 2826 900 2860 repuyna-

164 2864 226 2896 tur
256 2863 420 2907 sequiter,
451 2865 491 2896 ut
516 2862 561 2896 ab
588 2863 652 2903 iis,
683 2873 770 2907 quos
795 2864 901 2897 timor

1021 2061 1184 2094 insistere
1216 2060 1391 2106 vestiyiis]
1433 2060 1485 2094 ‘in
1522 2059 1582 2095 die
1613 2059 1716 2095 Fuss-

974 2107 1123 2151 stapfen
1141 2107 1276 2141 treten’
1301 2110 1371 2151 (24,
1392 2111 1425 2149 4,
1446 2110 1482 2149 ὃς
1511 2110 1566 2150 25,
1587 2111 1644 2152 33,
1665 2109 1712 2153 9),

974 2154 1069 2188 hier:
1097 2153 1156 2188 die
1183 2154 1303 2189 Statte
1413 2153 1593 2189 betreten.

1021 2205 1054 2235 3.
1097 2201 1272 2235 desertam
1314 2212 1358 2236 ac
1397 2201 1575 2247 relictam]
1625 2200 1711 2237 Die-

974 2247 1073 2282 selbe
1099 2247 1442 2293 Wortverbindung
1470 2247 1562 2293 Kap.
1591 2252 1622 2291 6,
1651 2251 1711 2292 14;

974 2295 1124 2329 ahnlich
1150 2298 1205 2338 31,
1233 2299 1288 2338 30,
1315 2300 1346 2330 6.

1021 2342 1180 2388 captivo]
1225 2342 1402 2377 zuweilen
1445 2353 1518 2377 von
1556 2341 1710 2387 Sachen,

975 2389 1168 2424 ‘erobert’2
1217 2395 1252 2432 1,
1284 2392 1346 2432 53,
1379 2393 1399 2424 3
1438 2400 1465 2424 c.
1502 2389 1711 2434 pecwniam;

973 2440 1005 2480 2,
1031 2439 1088 2480 48,
1114 2441 1134 2471 2
1168 2447 1196 2471 c.
1223 2447 1367 2481 ayrum3
1401 2440 1433 2479 7,
1461 2439 1521 2479 14,
1549 2440 1568 2471 7
1594 2447 1622 2472 c.
1649 2447 1711 2472 ατ-

971 2484 1055 2526 mis3
1094 2487 1155 2526 21,
1188 2487 1248 2525 33,
1283 2487 1324 2517 11
1356 2494 1384 2518 c.
1410 2484 1618 2528 pecoribu83
1652 2487 1709 2527 26,

972 2534 1028 2574 47,
1055 2535 1076 2565 4
1101 2531 1256 2565 navibus
1281 2531 1444 2574 captivis.

1019 2578 1164 2623 victam]
1193 2577 1269 2613 scil.
1296 2578 1428 2612 urbem.
1465 2577 1557 2621 Kap.
1575 2580 1632 2620 24,
1655 2580 1708 2613 10.

1020 2625 1171 2670 mutari]
1216 2624 1275 2658 bei
1315 2624 1442 2659 Cicero
1485 2624 1708 2668 commutari,

972 2683 1041 2706 nur
1066 2671 1146 2707 hier
1172 2682 1212 2706 so
1237 2671 1475 2714 konstruiert,
1501 2670 1596 2706 doch
1618 2671 1708 2705 ahu-

972 2719 1048 2754 lich
1074 2723 1131 2762 34,
1150 2722 1207 2762 49,
1228 2723 1248 2753 6
1273 2722 1429 2753 mutatos
1451 2719 1512 2760 (=
1533 2721 1710 2762 acceptos)

971 2777 1038 2811 pro
1059 2766 1315 2801 Macedonibus
1333 2765 1516 2801 Romanos
1534 2764 1707 2800 dominos.

975 2814 1083 2849 Sonst
1096 2813 1196 2848 steht
1214 2812 1279 2848 der
1297 2811 1550 2857 aufgegebene
1565 2811 1708 2857 Gegan-

973 2861 1081 2896 stand
1100 2861 1151 2895 im
1169 2860 1313 2903 Aecus„
1334 2860 1398 2895 der
1417 2868 1708 2903 angenommene
