1794 3084
139 250 158 278 3

139 427 159 455 4

141 603 159 631 ·3
187 590 366 643 Manlio,
404 593 452 630 ut
489 604 619 630 ovans
658 590 951 644 ingrederetur
988 585 1152 643 urbem,
1198 589 1410 630 decretum
1449 592 1525 631 est.

141 954 160 985 6

184 130 240 171 60

188 237 357 279 Veienti
389 238 515 279 bello.

735 128 878 163 LIBER
903 129 946 165 V.
991 128 1091 165 CAP.
1119 132 1174 163 31.

1458 146 1482 164 a.
1502 145 1530 164 u.
1550 145 1573 164 ο.
1593 140 1653 166 362.
1672 140 1738 167 868.

577 236 723 277 eodem
757 251 867 277 anno
906 236 1030 278 aedes
1062 235 1239 278 Iunonis
1270 235 1459 291 Reginae
1498 237 1552 279 ab
1584 237 1732 279 eodem

187 297 397 338 dictatore
431 296 660 349 eodemque
693 295 805 336 bello
838 298 937 336 vota
969 294 1204 348 dedieatur3
1245 295 1586 351 celebratamque
1623 296 1734 338 dedi-

187 356 399 397 cationem
432 354 599 410 ingenti
630 357 923 395 matronarum
955 353 1096 395 studio
1129 353 1314 394 tradunt.

306 414 472 455 Bellum
505 412 617 453 haud
649 413 924 454 memora-bile
962 413 1005 453 in
1037 412 1198 468 Algido
1237 427 1333 453 cum
1366 412 1524 467 Aequis
1563 416 1733 468 gestum

187 476 252 514 est
282 472 389 513 susis
421 472 618 513 hostibus
650 471 766 525 prius
799 486 946 526 paene,
978 486 1105 526 quam
1138 486 1287 512 manus
1319 476 1598 514 consererent.
1648 472 1733 515 Va-

186 531 309 582 lerio,
349 531 460 584 quod
493 531 834 584 perseverantior
866 531 1089 586 caedendis
1122 531 1165 571 in
1203 530 1306 585 fuga
1342 530 1441 584 fuit,
1477 531 1736 586 triumphus,

1587 590 1736 632 eodem

187 663 298 689 anno
331 662 484 689 novum
520 648 678 689 bellum
712 663 805 690 cum
833 648 1174 690 Volsiniensibus
1202 651 1413 701 exortum,
1446 662 1528 702 quo
1559 651 1737 704 propter

187 708 344 748 famem
384 707 759 761 pestilentiamque
797 708 841 748 in
881 721 984 763 agro
1023 706 1217 749 Romano
1263 721 1312 748 ex
1353 707 1545 749 siccitate
1585 707 1734 750 calori-

186 767 351 820 busque
383 766 528 807 nimiis
561 769 701 807 ortam
734 767 940 807 exercitus
973 766 1068 807 duci
1105 766 1307 820 nequivit.

1370 766 1424 808 ob
1457 781 1563 822 quae
1595 765 1736 808 Volsi-

187 825 354 866 nienses
389 824 681 879 Salpinatibus
721 825 929 867 adiunctis
969 825 1167 878 superbia
1205 825 1305 866 elati
1342 825 1455 866 ultro
1495 840 1621 878 agros
1652 825 1737 868 Ro-

188 898 338 925 manos
371 884 657 936 incursavere3
688 884 846 925 bellum
878 884 974 924 inde
1008 883 1172 925 duobus
1204 884 1374 938 populis
1405 884 1625 926 indictum.

307 941 352 984 C.
394 942 528 983 Iulius
574 957 723 984 censor
767 942 967 995 decessit3
1017 943 1061 983 in
1105 943 1193 983 eius
1243 943 1382 984 locum
1425 941 1480 984 M.
1519 942 1741 986 Cornelius

190 1001 404 1055 suffectus,
437 1016 545 1055 quae
577 1016 644 1042 res
676 1005 828 1055 postea
859 1001 1060 1056 religioni
1091 1001 1191 1054 fuit,
1224 1001 1322 1056 quia
1355 1016 1403 1043 eo
1434 1002 1570 1044 lustro
1602 1002 1741 1044 Roma

143 1073 161 1103 7
190 1063 255 1102 est
286 1065 428 1114 capta3
461 1074 536 1101 nec
568 1061 719 1102 deinde
751 1075 956 1114 umquam
988 1061 1032 1101 in
1064 1060 1274 1101 demortui
1304 1060 1444 1102 locum
1477 1075 1626 1102 censor
1658 1061 1742 1103 suf-

188 1119 342 1160 ficitur.

403 1120 731 1175 consulibusque
776 1120 925 1161 morbo
969 1119 1190 1172 implicitis
1235 1118 1397 1173 placuit
1446 1134 1521 1173 per
1563 1120 1740 1162 interre-

142 1190 163 1222 8
191 1192 321 1233 gnum
354 1178 554 1219 renovari
586 1179 788 1232 auspicia.
837 1179 980 1232 itaque
1014 1193 1109 1219 cum
1142 1193 1192 1219 ex
1226 1180 1399 1219 senatus
1426 1179 1619 1220 consulto
1645 1193 1741 1221 con-

191 1237 304 1278 sules
349 1238 604 1291 magistratu
649 1252 691 1278 se
731 1237 1017 1289 abdicassent,
1062 1237 1248 1277 interrex
1291 1241 1458 1279 creatur
1494 1236 1550 1279 M.
1588 1237 1740 1280 Furius

191 1294 408 1349 Camillus,
441 1297 513 1350 qui
546 1295 590 1338 P.
624 1295 871 1338 Cornelium
905 1295 1159 1349 Scipionem,
1189 1295 1226 1337 is
1259 1295 1409 1337 deinde
1441 1295 1486 1337 L.
1518 1295 1742 1338 Valerium

143 1367 162 1398 9

189 1354 378 1397 Potitum
417 1354 677 1409 interregem
716 1355 912 1410 prodidit.

976 1355 1029 1396 ab
1069 1369 1117 1396 eo
1157 1355 1287 1396 creati
1327 1369 1400 1396 sex
1441 1355 1604 1397 tribuni
1633 1355 1743 1397 mili-

189 1417 281 1454 tum
320 1415 535 1455 consulari
572 1417 804 1468 potestate,
842 1416 907 1467 ut,
946 1414 1075 1455 etiam
1113 1414 1149 1455 si
1187 1414 1253 1455 cui
1292 1428 1437 1455 eorum
1469 1415 1742 1457 incommoda

189 1472 389 1513 valetudo
422 1473 586 1527 fuisset,
618 1474 741 1527 copia
773 1473 1105 1527 magistratuum
1138 1473 1197 1513 rei
1228 1473 1425 1526 publicae
1457 1478 1582 1516 esset.

238 1651 269 1682 3.
308 1648 407 1693 vota]
459 1648 550 1692 Kap.
578 1652 638 1690 21,
665 1653 698 1682 3.
751 1648 926 1684 Camillus

189 1694 293 1729 hatte
320 1696 415 1729 auch
440 1695 510 1729 den
530 1694 609 1729 Bau
628 1696 667 1730 in
686 1695 841 1730 Akkord
867 1706 928 1740 ge-

189 1742 309 1786 geben
336 1742 441 1787 (Kap.
463 1745 519 1784 23,
542 1744 576 1786 7)
602 1742 678 1777 und
702 1743 848 1787 vollzog
868 1741 928 1777 die

189 1788 415 1824 Dedikation
441 1788 547 1834 (Kap.
575 1794 632 1833 22,
658 1791 704 1833 3).

236 1851 268 1882 4.
300 1849 396 1891 fusis
426 1848 601 1893 hostibus]
636 1865 679 1877 =
713 1860 791 1883 cum
817 1849 930 1883 hostes

189 1896 441 1937 funderentur.
494 1896 567 1930 Das
592 1895 690 1931 Part.
716 1895 812 1931 Perf.
838 1895 930 1930 wird

191 1942 289 1977 beim
315 1942 399 1979 Abl.
427 1943 505 1977 abs.
532 1942 714 1978 zuweilen
748 1955 821 1977 von
847 1943 931 1978 dem

191 1991 413 2033 gebraucht,
458 2001 533 2024 was
577 1990 646 2024 mit
683 1990 748 2025 der
785 1991 931 2035 Haupt-

191 2037 382 2081 handlung
407 2036 644 2081 gleichzeitig
668 2037 734 2072 ist:
760 2042 792 2080 4,
816 2042 869 2081 10,
892 2043 931 2080 5;

191 2086 222 2126 9,
249 2087 306 2125 24,
335 2088 370 2126 13
397 2087 454 2126 21,
482 2088 511 2127 1,
540 2088 570 2118 5.

239 2142 445 2188 caedendis]
485 2143 562 2176 scil.
601 2143 772 2177 hostibus.
823 2143 933 2177 Sonst

190 2188 284 2223 wird
308 2200 531 2233 perseverare
551 2189 620 2224 mit
638 2191 679 2224 in
700 2200 729 2224 c.
750 2189 831 2224 Abl.
853 2201 929 2225 ver-

190 2236 350 2270 bunden.

240 2298 271 2331 5.
316 2295 620 2341 Volsiniensibus]
665 2295 735 2329 den
776 2295 930 2330 Bewoh-

191 2353 282 2377 nern
321 2353 390 2377 von
434 2342 606 2385 Volsinii,
645 2342 746 2376 einer
784 2342 848 2376 der
888 2347 929 2377 12

193 2388 447 2424 etruskisehen
474 2390 743 2424 Bundesst'adte
771 2390 859 2434 (vgl.
887 2403 931 2424 zu

190 2435 284 2481 Kap.
309 2440 339 2479 1,
364 2439 411 2481 4).
450 2437 491 2470 In
517 2436 581 2472 der
607 2436 711 2471 N'ahe
738 2436 931 2471 derselben

193 2484 255 2528 lag
292 2483 392 2517 wohl
431 2484 524 2518 auch
564 2484 622 2518 die
660 2484 766 2518 nicht
803 2484 932 2519 weiter

193 2532 379 2576 genannte
406 2531 515 2565 Stadt
540 2531 744 2576 Salpinum.

240 2590 486 2635 incursavere]
532 2590 612 2624 hier
653 2589 824 2624 transitiv
867 2601 931 2633 ge-

192 2637 365 2678 braucht;
400 2637 534 2671 ebenso
561 2641 617 2679 24,
643 2641 700 2679 41,
727 2641 764 2671 4:
792 2648 931 2682 agmen-

193 2695 259 2728 que
289 2684 495 2719 Romanum
525 2685 671 2728 impune
706 2684 932 2719 incursatum

194 2732 238 2765 ab
265 2732 443 2775 equitibus
467 2732 620 2766 hostium
645 2732 777 2773 fuerat.
822 2731 932 2766 Sonst

194 2778 287 2812 wird
319 2789 357 2813 es
391 2789 463 2813 von
497 2778 574 2812 Liv.
607 2779 677 2812 mit
710 2780 751 2812 in
784 2791 811 2814 c.
845 2779 930 2815 Acc.

193 2825 423 2859 verbunden:
467 2829 529 2868 36,
558 2829 688 2867 14,12
727 2827 769 2860 in
806 2837 932 2870 aymen

194 2872 402 2907 Romanum
427 2884 470 2907 eoe
489 2873 736 2917 superioribus
763 2874 849 2908 locis
873 2874 931 2908 in-

1000 1648 1176 1690 cursavit;
1215 1651 1253 1691 3,
1293 1651 1354 1691 70,
1388 1651 1427 1692 43
1472 1651 1509 1691 6,
1541 1651 1598 1691 21,
1631 1653 1670 1692 9;
1708 1653 1742 1694 8,

1001 1698 1058 1739 38,
1085 1699 1116 1731 6.

1049 1758 1080 1788 6.
1107 1754 1277 1799 reliyioni
1302 1753 1392 1799 fuit]
1425 1752 1509 1798 Vgl.
1529 1753 1623 1799 Kap.
1640 1758 1694 1799 13,
1708 1758 1741 1791 8.

1002 1800 1077 1835 Das
1104 1800 1262 1845 Subjekt
1286 1811 1377 1845 quae
1401 1811 1456 1836 res
1480 1799 1673 1837 bedentet:
1699 1803 1742 1837 in

1003 1850 1117 1883 locum
1155 1849 1312 1883 censoris
1348 1848 1526 1883 demortui
1565 1859 1741 1885 censorem

1001 1896 1133 1939 suffici.
1174 1895 1255 1939 Vgl.
1284 1898 1316 1938 6,
1342 1898 1398 1939 27,
1425 1899 1447 1929 4
1472 1896 1641 1941 colleyam
1664 1897 1742 1939 suf-

1002 1944 1066 1986 fici
1090 1943 1228 1978 censori
1253 1943 1379 1988 religio
1403 1946 1491 1978 erat.

1051 1990 1174 2035 capta]
1214 1993 1251 2032 9,
1279 1993 1340 2032 34,
1368 1993 1412 2023 20
1442 1990 1529 2025 urbs
1560 2001 1598 2025 eo
1628 1990 1743 2025 lustro

1003 2041 1112 2081 capta
1136 2041 1202 2078 est,
1229 2047 1299 2080 quo
1323 2038 1506 2072 demortuo
1531 2038 1676 2081 colleqa,
1702 2035 1741 2074 G.

1004 2085 1106 2119 Iulio
1132 2094 1289 2125 censore,
1314 2083 1359 2117 L.
1390 2083 1570 2128 Papirius
1596 2083 1743 2127 Owrsor,

1003 2143 1046 2166 ne
1067 2132 1183 2166 abiret
1202 2131 1430 2175 mayistratu,
1458 2131 1514 2166 M.
1538 2130 1743 2166 Cornelium

1006 2179 1297 2224 Maluyinensem
1329 2178 1499 2222 colleyam
1522 2178 1742 2224 subroyavit.

1111 2235 1229 2260 omnes
1266 2225 1431 2269 deinceps
1467 2236 1627 2260 censores
1657 2228 1743 2270 post

1003 2276 1150 2307 mortem
1175 2272 1325 2316 collegae
1343 2283 1379 2307 se
1397 2273 1614 2318 maqistratu
1637 2273 1741 2308 abdi-

1003 2323 1143 2354 carum.

1051 2381 1081 2413 7.
1120 2378 1320 2424 sufficitur]
1354 2380 1447 2413 statt
1478 2379 1648 2422 suffectus
1679 2382 1742 2421 est,

1002 2437 1064 2459 um
1092 2425 1150 2460 die
1175 2424 1312 2460 Censur
1337 2426 1412 2460 und
1439 2424 1540 2460 diese
1566 2425 1661 2461 Sitte
1685 2426 1741 2460 als

1003 2471 1100 2507 noch
1125 2472 1329 2507 bestehend
1355 2484 1399 2507 zu
1423 2471 1659 2508 bezeichnen.

1050 2519 1310 2566 interreynum]
1347 2519 1433 2564 Vgl.
1458 2518 1551 2564 Kap.
1579 2523 1634 2563 17,
1661 2523 1693 2554 3.

1052 2582 1082 2613 8.
1110 2579 1326 2624 mayistratu
1338 2588 1374 2612 se
1386 2577 1628 2623 abdicassent]
1653 2577 1742 2614 Dies

1004 2626 1054 2659 ist
1085 2624 1143 2658 die
1180 2624 1437 2670 regelmal'sige
1469 2623 1741 2660 Konstruktion

1005 2672 1068 2706 des
1093 2671 1274 2706 Verbums
1301 2672 1470 2706 abdicare
1499 2670 1606 2716 (Kap.
1633 2676 1666 2716 9,
1691 2674 1739 2717 8).
1793 2666 1794 2680 ’

1004 2719 1081 2753 Nur
1101 2718 1218 2753 selten
1238 2719 1352 2753 findet
1372 2717 1451 2753 sich
1476 2719 1646 2754 abdicare
1663 2730 1740 2754 ma-

1003 2767 1195 2811 qistratum
1220 2765 1326 2810 (Kap.
1353 2769 1410 2809 49,
1437 2767 1483 2810 9).

1051 2829 1082 2859 9.
1114 2825 1339 2860 incommoda
1369 2823 1551 2870 valetudo]
1584 2823 1740 2869 Unp'ass-

1003 2871 1168 2907 lichkeit.
