1794 3084
74 124 101 144 ι.
121 117 187 144 chr.
207 125 235 142 n.
256 118 316 143 390.
581 107 727 143 LIBER
752 107 795 143 V.
843 106 944 142 CAP.
970 111 1026 142 42.
1054 110 1111 142 43.
1583 106 1636 147 79

75 216 221 258 omnia
257 215 442 257 flammis
482 231 529 258 ac
568 216 704 257 ruinis
743 218 928 271 aequata.
967 214 1197 269 vidissent,
1235 214 1432 270 quamvis
1466 215 1638 268 inopem

73 289 359 330 parvumque,
397 290 523 329 quem
563 275 788 329 tenebant,
825 275 978 316 collem
1019 274 1209 315 libertati
1246 273 1446 315 relictum
1478 273 1638 314 virtute

74 333 363 376 defenderent.
426 339 469 375 et
513 334 618 387 iam,
663 349 760 376 cum
806 333 951 375 eadem
999 333 1176 375 cottidie
1217 332 1476 385 acciderent,
1520 333 1639 374 velut
1665 343 1685 374 8

74 392 243 435 adsueti
282 392 408 434 malis
442 393 793 435 abalienaverant
825 393 879 434 ab
913 407 1041 434 sensu
1074 407 1216 434 rerum
1251 406 1424 433 suarum
1458 391 1638 444 animos,

74 466 194 494 arma
230 455 402 493 tantum
439 451 685 507 ferrumque
723 453 769 493 in
808 451 968 493 dextris
1007 451 1127 492 velut
1160 452 1276 492 solas
1309 450 1512 506 reliquias
1547 451 1639 504 spei

74 525 176 553 suae
207 511 437 552 intuentes.

193 569 308 612 Galli
340 584 522 624 quoque,
553 584 630 624 per
661 570 827 624 aliquot
859 569 949 610 dies
976 569 1021 610 in
1047 571 1163 610 tecta
1190 569 1316 610 modo
1344 568 1464 610 urbis
1490 567 1636 622 nequi·
1652 569 1709 610 43

73 644 202 685 quam
242 629 355 671 bello
389 632 530 684 gesto,
569 643 665 671 cum
698 629 810 670 inter
843 628 1040 670 incendia
1074 642 1122 668 ac
1154 628 1300 668 ruinas
1334 630 1486 682 captae
1518 627 1639 668 urbis

72 688 181 731 nihil
214 702 437 742 superesse
468 690 638 743 praeter
671 690 863 730 armatos
891 687 1038 729 hostes
1068 686 1260 728 viderent
1285 687 1546 741 nequiquam
1572 689 1641 728 tot

73 747 266 790 cladibus
310 748 485 789 territos
527 761 606 789 nec
642 747 828 789 flexuros
871 746 922 788 ad
962 746 1223 787 deditionem
1263 746 1448 796 animos,
1492 745 1538 786 ni
1574 745 1639 786 vis

73 806 366 861 adhiberetur,
404 807 586 861 experiri
623 806 777 847 ultima
815 808 858 848 et
889 806 1099 859 impetum
1131 805 1272 846 facere
1305 805 1350 846 in
1383 818 1523 846 arcem
1557 807 1639 845 sta·

71 868 212 908 tuunt.
262 867 402 919 prima
433 866 527 907 luce
559 866 683 920 signo
712 866 814 907 dato
842 865 1077 906 multitudo
1105 865 1247 906 omnis
1274 864 1318 905 in
1345 864 1439 905 foro
1466 863 1639 905 instrui·
1667 873 1687 904 2

71 928 161 981 tur3
194 925 292 966 inde
325 925 514 967 clamore
541 925 714 967 sublato
741 939 790 967 ac
817 924 1032 966 testudine
1057 923 1174 965 facta
1201 923 1399 964 subeunt.
1437 922 1640 964 adversus

73 998 180 1040 quos
212 983 402 1026 Romani
438 985 548 1026 nihil
585 987 745 1025 temere
783 998 861 1025 nec
892 983 1075 1037 trepide,
1114 983 1167 1024 ad
1205 983 1345 1024 omnis
1385 981 1524 1023 aditus
1558 984 1642 1023 sta-

71 1043 265 1086 tionibus
298 1043 498 1097 firmatis,
531 1059 615 1099 qua
647 1043 773 1098 signa
804 1043 906 1084 ferri
938 1042 1152 1095 videbant,
1185 1056 1234 1083 ea
1265 1042 1418 1083 robore
1450 1041 1641 1082 virorum

73 1103 274 1158 opposito
321 1103 521 1145 scandere
566 1103 733 1144 hostem
778 1102 940 1151 sinunt,
986 1116 1069 1156 quo
1115 1100 1368 1142 successerit
1412 1100 1551 1155 magis
1596 1099 1642 1140 in

73 1162 270 1216 arduum,
309 1176 358 1203 eo
390 1162 495 1216 pelli
525 1176 654 1216 posse
686 1175 763 1215 per
798 1161 987 1215 proclive
1019 1160 1190 1202 facilius
1222 1160 1318 1201 rati.
1379 1159 1520 1200 medio
1553 1158 1640 1199 fere
1667 1169 1687 1200 3

72 1221 185 1264 clivo
223 1221 437 1272 restitere,
476 1224 604 1275 atque
642 1220 739 1261 inde
779 1234 830 1261 ex
868 1220 963 1261 loco
1004 1220 1243 1273 superiore,
1283 1219 1354 1273 qui
1392 1232 1526 1273 prope
1566 1231 1643 1258 sua

74 1283 227 1335 sponte
270 1281 315 1322 in
359 1280 528 1322 hostem
573 1280 801 1332 inferebat,
849 1279 1014 1333 impetu
1064 1278 1178 1319 facto
1225 1280 1368 1332 strage
1420 1291 1468 1318 ac
1518 1276 1643 1318 ruina

71 1339 220 1382 fudere
265 1340 432 1393 Gallos,
481 1342 530 1380 ut
572 1353 807 1394 numquam
857 1340 1011 1392 postea
1055 1352 1134 1379 nec
1184 1352 1285 1391 pars
1331 1351 1408 1378 nec
1452 1335 1642 1377 universi

72 1399 379 1454 temptaverint
410 1399 496 1440 tale
534 1412 705 1453 pugnae
745 1411 893 1452 genus.
956 1397 1116 1438 omissa
1153 1397 1300 1451 itaque
1333 1410 1408 1450 spe
1446 1410 1522 1450 per
1552 1395 1641 1436 vim
1667 1406 1689 1435 4

73 1460 201 1513 atque
234 1473 354 1500 arma
386 1457 596 1499 subeundi
628 1456 895 1499 obsidionem
934 1459 1107 1512 parant,
1145 1456 1265 1498 cuius
1299 1455 1352 1497 ad
1389 1454 1433 1496 id
1470 1458 1641 1508 tempus

73 1622 139 1676 bus
157 1623 265 1657 vialis
277 1623 413 1657 mansit
426 1622 656 1667 aliquamdiu
670 1622 818 1656 immota

73 1680 309 1763 achazissent]
329 1716 554 1761 bedingend,
575 1716 623 1751 da
635 1717 701 1751 etsi
714 1717 817 1751 sonst

74 1763 144 1799 mit
169 1763 290 1799 Indik.
316 1765 530 1799 verbunden
557 1763 661 1797 wird.

119 1811 298 1857 quamvis]
327 1810 422 1846 ohne
449 1810 630 1854 Verbum,
657 1810 717 1845 die
744 1810 816 1845 Ad-

70 1858 212 1904 jektive
239 1859 439 1904 steigernd.

122 1921 154 1953 8.
175 1919 473 1953 abalienaverant
493 1945 500 1952 .
524 1946 530 1952 .
553 1944 560 1951 .
581 1917 738 1963 animos]
755 1917 815 1952 Sie

73 1965 206 2000 hatten
224 1965 304 2000 ihre
326 1965 437 2000 Sinne
457 1976 578 2010 gegen
598 1965 664 1999 das
679 1963 816 1999 Geffihl

73 2012 161 2059 (vgl.
182 2012 275 2057 Kap.
297 2016 352 2056 21,
374 2014 410 2056 4)
436 2012 495 2047 ffir
519 2011 598 2047 ihre
624 2011 726 2056 Lage
754 2013 816 2046 ab·

73 2059 298 2105 gestumpft,
325 2059 445 2095 dieses
472 2058 607 2095 Gefu'hl
634 2060 815 2094 verloren.

73 2107 158 2153 Vgl.
185 2111 218 2150 2,
247 2112 302 2151 12,
329 2112 348 2141 3
387 2119 496 2152 quam
535 2109 595 2152 (=
633 2106 817 2151 dextram)

72 2165 154 2191 cum
178 2156 278 2190 velut
298 2155 459 2190 alienato
479 2155 523 2189 ab
543 2165 651 2189 sensu
670 2158 819 2189 torreret

74 2203 217 2243 animm
243 2206 299 2245 26,
321 2206 376 2245 14,
397 2206 418 2237 3
445 2202 616 2237 alienatis
640 2202 819 2237 mentibus

74 2251 158 2286 vino
184 2251 230 2285 ab
255 2251 477 2284 imminentis
502 2260 609 2284 sensu
633 2250 732 2284 mali.

121 2319 185 2356 43.
214 2325 244 2355 1.
284 2320 438 2366 quoque]
478 2319 566 2355 Dies
605 2319 738 2365 geho'rt
777 2332 819 2354 zu

75 2369 234 2450 εωρςῗιίγὶ
258 2369 390 2450 ιξζξὺηὲι
416 2366 628 2450 (nglflKalssi
651 2370 707 2447 33,
725 2368 778 2447 Ili).

77 2415 302 2505 553²²L²le¹r
322 2425 569 2508 ‘³222ngssOEss
607 2425 672 2496 <13²3
706 2425 820 2496 Κηῗέἒ

77 2509 208 2544 stehen
232 2509 438 2554 geblieben.

123 2558 284 2602 experiri
296 2557 443 2603 ultima]
465 2555 638 2592 Dieselbe
658 2555 820 2590 Redens—

78 2605 137 2639 art
161 2608 194 2647 2,
215 2608 272 2646 28,
293 2608 325 2640 9.
366 2604 467 2639 Dazu
492 2605 543 2638 ist
567 2605 738 2648 impetum
763 2603 821 2646 fa-

77 2660 152 2686 cere
176 2653 218 2686 in
243 2663 361 2687 arcem
387 2651 610 2696 Erklarung.

125 2725 157 2758 2.
182 2721 377 2768 testudine]
406 2721 688 2757 ‘Schilddach'.
734 2719 820 2765 Vgl.

79 2771 135 2812 34,
148 2772 205 2813 39,
220 2774 241 2805 6
261 2770 414 2805 sublatis
432 2780 548 2814 supra
567 2769 690 2813 capita
708 2768 822 2803 scutis

78 2817 368 2862 continuatisque
380 2817 477 2852 inter
486 2828 522 2851 se
533 2816 710 2851 testudine
720 2817 822 2858 saeta

78 2863 268 2908 ⁸ubibant;
293 2868 350 2908 44,
371 2867 402 2907 9,
425 2868 463 2906 63
492 2868 546 2907 10,
567 2867 623 2906 41,
644 2867 676 2897 4.

939 1621 1033 1655 nihil
1059 1649 1066 1656 .
1090 1648 1096 1654 .
1120 1648 1127 1654 .
1155 1619 1308 1664 trepide]
1349 1617 1463 1652 naml.
1495 1618 1643 1660 faciunt

892 1668 981 1702 oder
1000 1668 1131 1710 facere,
1154 1667 1236 1702 eine
1256 1666 1296 1700 in
1314 1665 1502 1700 lebhafter
1522 1663 1641 1698 Schil-

892 1716 1035 1760 derung
1060 1715 1167 1749 nicht
1193 1715 1335 1749 seltene
1361 1711 1516 1757 Ellipse.
1555 1710 1639 1756 Vgl.

894 1768 925 1807 1,
951 1767 1008 1806 23,
1035 1766 1056 1797 8
1089 1773 1219 1807 neque,
1253 1765 1346 1796 reete
1378 1772 1429 1795 an
1449 1770 1643 1804 perperam

894 1811 987 1855 (scil.
1008 1811 1101 1854 fiat),
1121 1811 1357 1854 interpretor;
1383 1811 1441 1849 22,
1455 1810 1511 1850 58,
1528 1809 1547 1840 2
1568 1806 1643 1841 Ro-

891 1868 1018 1892 manos
1028 1867 1165 1902 quoque
1172 1860 1327 1899 vocatos,
1341 1855 1437 1900 quod
1445 1865 1643 1898 numquam

892 1906 987 1940 alias
1013 1908 1121 1939 antea
1147 1903 1239 1948 (scil.
1261 1902 1420 1947 fecerat),
1445 1902 1537 1936 satis
1562 1901 1644 1935 miti

891 1963 1052 1988 sermone
1077 1952 1290 1996 alloquitur.

939 2003 1013 2044 qud
1121 1999 1180 2052 eft]
1212 1996 1403 2050 Adverbia
1439 1995 1529 2049 loci,
1565 1995 1648 2030 ‘auf

892 2046 1035 2129 {ivelcgie
1071 2046 1171 2081 Seite
1208 2046 1273 2080 hm
1414 2043 1563 2078 dahm’.
1610 2047 1642 2086 1,

941 2122 949 2138 ,
1003 2122 1009 2129 .

942 2169 974 2200 3.
1019 2176 1087 2200 sua
1118 2163 1258 2209 sponte]
1298 2162 1394 2197 auch
1426 2161 1489 2196 bei
1515 2160 1642 2196 Cicero

895 2212 1072 2247 zuweilen
1116 2222 1189 2246 von
1235 2211 1378 2246 Saehen
1423 2208 1642 2254 gebraucht,

897 2261 991 2295 ‘von
1029 2259 1182 2302 selbst’,
1227 2259 1262 2293 d.
1297 2260 1331 2291 h.
1373 2256 1487 2292 schon
1526 2255 1643 2290 durch

896 2307 996 2342 seine
1022 2304 1338 2341 Beschaffenheit.

941 2365 1136 2411 inferebat]
1178 2363 1374 2408 ‘drangtffi
1400 2362 1528 2405 trieb’,
1563 2361 1642 2397 scil.

894 2424 960 2448 eae.

941 2464 1060 2505 εἰν-αρε
1085 2471 1128 2495 ac
1162 2460 1276 2494 ruina
1307 2457 1451 2503 fudere]
1487 2455 1643 2491 ‘warfen

894 2508 970 2542 und
996 2509 1161 2542 stfirzten
1186 2505 1345 2540 nieder’.
1395 2509 1515 2549 straye
1549 2502 1642 2538 wird

895 2555 1011 2589 durch
1060 2555 1174 2589 ruina
1217 2553 1439 2598 gesteigert,
1490 2549 1640 2586 obwohl

894 2601 1002 2636 beide
1038 2602 1096 2635 fiir
1130 2599 1210 2635 sich
1250 2601 1365 2634 sehon
1400 2599 1481 2633 eine
1517 2596 1640 2641 grosse

893 2649 1118 2692 Niederlage
1156 2647 1393 2682 bezeichnen.
1445 2649 1484 2688 4,
1521 2648 1583 2687 33,
1619 2646 1640 2678 8

894 2697 1026 2730 ruinae
1050 2695 1201 2730 similem
1225 2698 1382 2739 strayem
1401 2703 1503 2737 eques
1529 2691 1639 2726 dedit.

942 2770 975 2801 4.
1021 2777 1089 2810 per
1125 2766 1197 2800 vim
1235 2767 1342 2808 atque
1382 2762 1503 2808 arma]
1551 2761 1642 2796 ‘mit

895 2812 1218 2857 VVaffengewalt’,
1269 2812 1309 2844 in
1352 2810 1423 2845 den
1467 2811 1641 2854 spateren

896 2860 1068 2895 Biichern
1094 2861 1131 2895 vi
1156 2863 1261 2904 atque
1287 2859 1409 2894 armis.
