1794 3084
61 107 86 126 a.
107 98 174 126 Chr.
193 106 221 124 n.
241 99 301 126 395.

0 164 1 191 i
63 212 114 240 ex
147 213 196 240 ea
226 200 396 240 tantum
429 198 608 253 praeda,
639 212 746 253 quae
778 212 919 239 rerum
953 199 1213 240 moventium
1246 199 1314 252 sit,
1346 199 1523 241 decuma
1555 199 1621 241 de-

64 258 277 313 signetur3
309 257 428 298 urbis
462 260 591 312 atque
624 258 716 313 agri
749 258 879 313 capti,
911 272 1018 313 quae
1051 260 1094 299 et
1125 259 1220 313 ipsa
1251 261 1352 300 voto
1379 259 1620 300 continean-

62 319 146 372 tur,
178 317 442 358 mentionem
474 317 637 358 nullam
669 317 776 359 fieri.

619 88 763 123 LIBER
788 89 830 125 V.
878 88 980 124 CAP.
1007 94 1062 124 25.
1564 89 1620 132 49

182 374 289 418 Cum
316 391 365 417 ea
392 376 660 430 disceptatio,
686 390 841 430 anceps
869 376 1036 417 senatui
1061 376 1165 430 visa,
1191 376 1387 432 delegata
1408 376 1460 417 ad
1481 377 1620 431 ponti-

61 435 162 478 fices
201 438 331 489 esset,
370 435 566 477 adhibito
605 434 788 477 Camillo
828 435 967 476 visum
1007 435 1206 491 collegio,
1247 436 1360 490 quod
1400 437 1489 478 eius
1523 439 1620 478 ante

65 497 318 549 conceptum
357 497 504 536 votum
537 493 782 535 Veientium
821 494 974 535 fuisset
1013 498 1055 535 et
1093 499 1192 549 post
1229 498 1378 537 votum
1417 496 1462 537 in
1501 499 1619 550 pote-

65 556 221 596 statem
258 554 410 609 populi
448 553 633 595 Romani
666 553 873 608 venisset,
913 554 1001 594 eius
1042 557 1209 608 partem
1242 554 1451 597 decimam
1483 555 1619 610 Apol-

63 613 140 655 lini
181 627 344 655 sacram
384 627 487 654 esse.

556 613 618 654 ita
655 613 697 654 in
738 613 1086 654 aestimationem
1125 614 1227 655 urbs
1266 628 1452 669 agerque
1490 615 1618 657 venit.
1645 624 1664 655 8

63 673 244 728 pecunia
282 687 331 713 ex
364 672 528 713 aerario
561 674 761 726 prompta
795 674 836 713 et
867 672 1054 713 tribunis
1088 673 1275 714 militum
1308 674 1620 727 consularibus,

63 735 111 774 ut
141 746 292 773 aurum
326 745 376 772 ex
409 745 458 772 ea
490 733 744 783 coemerent,
776 731 998 786 negotium
1026 732 1186 774 datum.
1229 733 1346 774 cuius
1374 747 1470 774 cum
1497 734 1621 787 copia

62 804 150 832 non
182 793 313 842 esset,
352 793 592 844 matronae,
625 790 816 833 coetibus
851 790 903 832 ad
937 805 1031 832 eam
1064 805 1153 832 rem
1186 793 1514 834 consultandam
1547 793 1619 834 ha-

62 848 183 902 bitis,
221 850 437 891 communi
476 850 643 891 decreto
676 850 896 904 pollicitae
927 850 1114 892 tribunis
1148 851 1335 892 militum
1369 867 1538 906 aurum,
1579 855 1622 893 et

63 909 209 951 omnia
241 912 497 950 ornamenta
529 923 606 950 sua
638 910 683 951 in
715 910 928 951 aerarium
955 909 1211 952 detulerunt.
1253 914 1377 966 grata
1404 926 1454 952 ea
1479 926 1547 953 res
1574 915 1621 953 ut
1647 921 1666 951 9

64 982 172 1023 quae
204 968 388 1009 maxime
416 969 582 1010 senatui
608 984 811 1023 umquam
838 969 938 1023 fuit3
969 969 1260 1024 honoremque
1287 971 1341 1012 ob
1369 985 1460 1012 eam
1487 971 1623 1012 muni-

65 1027 283 1069 ficentiam
316 1027 459 1069 ferunt
491 1029 700 1070 matronis
732 1028 943 1081 habitum,
975 1031 1023 1069 ut
1053 1029 1219 1083 pilento
1253 1029 1306 1071 ad
1334 1044 1456 1072 sacra
1481 1030 1623 1072 ludos-

64 1101 158 1141 que,
190 1087 407 1141 carpentis
441 1087 552 1129 festo
585 1087 859 1143 profestoque
891 1091 1124 1130 uterentur.
1175 1089 1365 1144 pondere
1398 1089 1451 1130 ab
1479 1090 1623 1145 singu-
1652 1098 1695 1129 10

63 1146 118 1187 lis
145 1147 235 1187 auri
265 1148 439 1201 accepto
462 1147 786 1202 aestimatoque,
812 1149 860 1188 ut
879 1147 1083 1201 pecuniae
1104 1148 1386 1202 solverentur,
1412 1145 1641 1190 crateram*

62 1219 237 1247 auream
269 1205 360 1246 fieri
393 1206 566 1260 placuit,
599 1221 707 1261 quae
734 1206 891 1248 donum
919 1207 1116 1261 Apollini
1142 1207 1336 1262 Delphos
1364 1210 1623 1262 portaretur.

608 1370 806 1406 ‘fahrende

64 1415 169 1452 Habe
180 1416 205 1461 ',
213 1416 452 1462 juristischer
462 1417 658 1453 Terminus
675 1420 808 1462 (reram

63 1465 281 1508 mobilium)=
303 1464 396 1499 Gell.
415 1470 468 1509 11,
486 1469 540 1509 18,
557 1470 618 1508 133
646 1465 729 1511 Dig.
751 1470 807 1510 33,

67 1515 120 1555 10,
141 1515 161 1546 2
188 1523 223 1548 u,
251 1516 306 1556 39,
328 1516 359 1558 5,
381 1516 437 1548 35.
487 1513 536 1548 Es
574 1514 691 1548 findet
728 1513 807 1548 sich

65 1559 176 1594 dafiir
212 1559 251 1595 in
282 1560 354 1596 den
379 1561 463 1606 Dig.
497 1562 592 1596 auch
617 1562 809 1603 moventia,

63 1606 132 1642 wie
163 1608 353 1654 yiqnentia
384 1609 550 1644 zweimal
581 1609 641 1644 bei
668 1609 809 1644 Sallust

65 1653 309 1690 ‘Gewachse'
359 1655 536 1691 bedeutet
573 1656 664 1701 (lug.
705 1660 760 1699 79,
788 1661 807 1690 6

64 1714 98 1737 u.
132 1705 188 1746 93,
215 1706 261 1745 4).
321 1714 440 1738 moveo
477 1704 594 1739 findet
631 1704 711 1739 sich
751 1704 809 1739 bei

63 1748 189 1784 Livius
215 1749 272 1785 oft
294 1750 345 1784 im
366 1750 477 1785 Sinne
498 1762 570 1786 von
587 1752 808 1795 proficiscor.

111 1797 176 1842 sit]
205 1797 291 1831 ‘aus
319 1826 326 1833 .
350 1826 355 1833 .
379 1825 386 1831 .
412 1797 601 1834 bestehe'.
641 1803 697 1841 21,
718 1802 774 1841 60,
790 1803 809 1834 8

64 1846 124 1888 (zu
149 1843 241 1889 Kap.
269 1849 326 1888 21,
350 1846 418 1888 14).

112 1892 216 1927 urbis
237 1921 243 1927 .
266 1920 272 1926 .
296 1922 301 1928 .
323 1893 420 1938 fleri]
448 1893 557 1927 Nach
582 1897 697 1929 tacere
716 1893 812 1938 folgt

63 1940 242 1974 zunachst
266 1941 373 1985 quod,
399 1940 498 1975 dann
525 1941 590 1976 der
608 1940 810 1986 richtigere

65 1987 153 2022 Acc.
169 1998 198 2022 c.
213 1986 294 2030 Inf.,
315 1987 435 2022 damit
454 1987 515 2022 die
530 1988 686 2024 Periode
706 1988 812 2023 nicht

65 2046 111 2069 zu
137 2035 390 2081 schwerfallig
416 2035 547 2070 werde.

113 2097 145 2128 7.
183 2094 240 2140 ea]
275 2111 319 2123 =
351 2095 393 2129 cle
430 2106 472 2130 ea
503 2106 553 2139 re,
595 2095 810 2139 ‘darfiber',

64 2141 147 2176 eine
180 2140 231 2175 im
258 2141 520 2178 Lateinischen
552 2143 637 2178 sehr
663 2143 811 2187 haufige

66 2187 311 2234 Verkiirzung
345 2189 409 2225 des
442 2190 668 2226 Ausdrucks.
718 2190 809 2236 Kap.

66 2239 123 2279 29,
149 2239 181 2270 2.

117 2284 294 2331 deleyata]
320 2284 407 2329 Vgl.
434 2284 527 2331 Kap.
554 2289 611 2329 20,
633 2290 663 2321 9.

117 2331 210 2376 eius]
249 2332 338 2368 Gen.
376 2336 471 2377 part..
513 2334 703 2378 abhangig
740 2345 812 2369 von

69 2379 177 2423 quod,
203 2391 272 2414 nur
298 2379 358 2416 bei
377 2380 505 2415 Livius
531 2380 811 2424 vorkommend‚

73 2443 117 2454 =
140 2425 333 2471 ‘hievon’,
353 2428 476 2463 indem
499 2429 564 2463 der
578 2429 812 2463 Zusammen-

70 2473 172 2518 hang
196 2475 360 2518 ergiebt,
394 2474 475 2510 dass
502 2487 574 2510 von
599 2477 686 2511 urbs
711 2487 811 2521 ager·

69 2532 136 2565 que
156 2520 216 2556 die
235 2521 338 2557 Rede
365 2522 425 2558 ist.
464 2522 523 2557 An
550 2524 648 2559 allen
673 2524 812 2558 andern

71 2568 211 2603 Stellen
232 2568 303 2604 mit
327 2572 423 2615 qaod
454 2572 531 2606 eius
558 2571 705 2606 bezieht
734 2571 813 2605 sich

69 2616 147 2650 eius
167 2616 233 2650 auf
250 2615 357 2652 einen
375 2618 705 2663 vorhergehenden
721 2617 813 2653 Sub-

70 2663 349 2709 stantivbegriff
371 2666 441 2709 (31,
468 2670 500 2709 4,
527 2671 565 2709 2;
602 2669 658 2709 38,
685 2670 741 2709 23,
772 2669 813 2699 10

70 2713 165 2753 u.54‚
190 2715 227 2754 33
261 2716 317 2755 39,
345 2716 376 2755 7,
398 2718 418 2747 5
444 2724 478 2748 u.
506 2717 562 2756 45,
591 2717 628 2754 ’ῖς
655 2713 729 2758 vgl.
757 2717 814 2755 42,

72 2761 104 2801 8,
126 2760 172 2803 7).
222 2758 315 2805 Kap.
336 2763 393 2801 34,
421 2765 440 2795 5
468 2760 638 2806 dagegen
664 2760 712 2795 ist
737 2761 814 2795 eius

69 2805 175 2840 nicht
200 2817 273 2841 von
298 2808 394 2852 quod
423 2808 623 2854 abhangig.

118 2854 277 2899 partem]
309 2854 378 2889 mit
403 2855 629 2890 Nachdruck
660 2866 727 2890 vor
757 2857 815 2891 de-

140 2917 204 2944 Liv.
223 2919 258 2944 Β.
277 2920 302 2945 5.

112 1373 144 1405 6.
182 1380 304 1405 rerum
333 1371 566 1416 moventium]

880 1372 1009 1406 cimam
1035 1371 1188 1417 gestellt
1213 1372 1302 1417 (vgl.
1330 1372 1499 1417 dag-egen
1532 1371 1627 1418 Kap.

883 1422 939 1462 21,
966 1423 1004 1461 2,
1040 1423 1096 1463 23,
1123 1423 1160 1461 8;
1200 1423 1256 1463 24,
1286 1421 1353 1464 10).
1411 1419 1480 1454 Die
1505 1420 1626 1466 Frage

880 1478 957 1501 war
983 1466 1054 1510 die,
1082 1467 1128 1502 ob
1155 1467 1239 1502 dem
1259 1467 1393 1512 Apollo
1419 1467 1477 1502 ein
1498 1467 1626 1503 Anteil

880 1514 1019 1559 gehore
1040 1515 1146 1549 ,oder
1182 1514 1303 1556 nicht,
1343 1526 1381 1549 es
1413 1515 1553 1550 konnte
1583 1516 1626 1561 ja

880 1561 968 1597 kein
995 1562 1151 1597 anderer
1171 1561 1252 1597 Teil
1277 1562 1444 1608 gemeint
1468 1562 1548 1598 sein
1567 1564 1623 1597 als

882 1609 946 1644 der
971 1610 1114 1645 zehnte.

930 1673 962 1704 8.
988 1670 1101 1715 venit]
1128 1669 1241 1705 n'aml.
1269 1669 1388 1704 damit
1407 1670 1472 1705 der
1492 1670 1625 1705 zehnte

882 1716 963 1750 Teil
988 1716 1085 1752 ihi-es
1106 1717 1251 1752 Wertes
1278 1717 1492 1762 festgesetzt
1517 1730 1550 1752 u.
1579 1729 1628 1752 an

884 1765 955 1798 den
993 1763 1216 1809 pythischen
1247 1764 1386 1809 Apollo
1423 1764 1627 1800 entrichtet

884 1811 1031 1846 werden
1058 1811 1190 1846 konne.

924 1859 1128 1905 pollicitae]
1160 1859 1237 1894 scil.
1264 1863 1367 1902 sunt,
1399 1859 1468 1894 wie
1494 1860 1629 1895 vorher

883 1905 944 1941 bei
971 1910 1144 1951 prompta
1169 1906 1245 1941 und
1271 1908 1397 1942 clatum
1423 1907 1482 1942 ein
1508 1911 1558 1942 est
1584 1919 1628 1942 zu

883 1956 1064 1998 erg'anzen
1089 1954 1153 1997 ist,
1187 1958 1206 1996 ξ
1229 1959 1269 1989 13
1295 1958 1381 1990 sunt
1404 1955 1466 1990 bei
1491 1956 1625 1990 adnisi.

932 2029 963 2059 9.
990 2028 1031 2060 ut
1055 2037 1147 2070 quae
1171 2026 1328 2060 maxime
1348 2054 1355 2061 .
1379 2054 1385 2060 .
1409 2055 1415 2061 .
1436 2027 1624 2073 umquam]

884 2072 968 2117 Vgl.
997 2071 1070 2108 Cic.
1098 2072 1146 2108 ad
1171 2072 1260 2108 fam.
1290 2078 1344 2117 13,
1366 2077 1409 2108 62
1437 2077 1468 2109 te
1492 2085 1628 2118 semper

883 2122 936 2155 sic
967 2120 1082 2155 colam
1113 2124 1145 2156 et
1176 2122 1317 2163 tuebor,
1348 2125 1389 2156 ut
1417 2133 1518 2167 quem
1543 2122 1626 2157 dili-

883 2168 1105 2213 qentissime;
1139 2168 1218 2203 Liv.
1247 2172 1278 2213 7,
1307 2172 1362 2212 33,
1384 2173 1404 2204 5
1437 2169 1628 2214 proelium,

883 2219 925 2250 ut
950 2216 1044 2260 qaod
1069 2217 1224 2251 maxime
1249 2228 1433 2262 umquam,
1454 2217 1544 2261 pari
1567 2228 1629 2261 spe

884 2265 1064 2308 utrimque
1089 2265 1312 2299 commissam
1332 2268 1402 2306 est;
1428 2268 1484 2306 23,
1505 2268 1561 2308 49,
1585 2268 1626 2299 12

881 2311 1086 2354 provincia,
1107 2315 1148 2346 ut
1166 2323 1257 2357 quae
1276 2313 1433 2347 maxime
1452 2314 1624 2355 omnium,

885 2358 968 2392 belli
993 2359 1116 2393 avida.

927 2406 1083 2452 pilento]
1122 2406 1197 2441 Das
1235 2407 1416 2452 pilentum
1453 2418 1530 2442 war
1567 2407 1628 2442 ein

884 2452 1176 2498 viel-raderiger,
1217 2453 1282 2488 das
1320 2458 1530 2499 carpentum
1570 2454 1628 2489 ein

885 2500 1166 2545 zweiraderiger
1191 2501 1443 2547 Reisewagen.

927 2549 1106 2594 profesto]
1123 2549 1410 2593 ungewohnlich
1425 2548 1628 2584 substanti-

886 2594 993 2638 viert,
1020 2613 1064 2623 =
1090 2597 1148 2630 (lie
1173 2597 1352 2641 profesto,
1388 2596 1629 2641 ‘Werktag’.

887 2646 943 2685 34,
959 2647 991 2685 3,
1007 2647 1027 2677 9
1054 2646 1094 2677 ut
1119 2645 1301 2688 carpentis
1326 2645 1426 2686 festis
1441 2644 1629 2688 profestis·

886 2701 953 2734 que
977 2691 1102 2725 diebus
1127 2701 1190 2735 per
1216 2692 1339 2726 urbem
1363 2695 1549 2726 vectentur.

937 2764 990 2795 10.
995 2762 1188 2807 pecuniae]
1200 2761 1308 2805 Plur.,
1319 2761 1629 2806 ‘Geldsummen’,

887 2808 1028 2843 welche
1061 2807 1133 2844 den
1166 2809 1356 2844 einzelnen
1382 2810 1523 2845 Damen
1547 2821 1628 2846 ver-

887 2857 996 2899 giitet
1021 2856 1182 2891 worden.

1325 2920 1346 2950 4
