1794 3084
149 107 204 147 322
662 105 803 140 LIBER
829 105 889 142 VI.
942 105 1043 141 CAP.
1072 110 1103 141 9.
1133 110 1186 141 10.
1505 123 1531 141 a.
1552 123 1580 142 u.
1600 123 1623 142 e.
1643 117 1704 143 368.

106 226 125 256 6
153 217 322 255 nuntur.
377 229 633 268 quamquam
661 216 882 267 expertum
916 214 1145 255 exercitum
1180 216 1483 269 assuetumque
1515 214 1704 269 imperio,

82 1051 123 1081 10

81 1288 119 1317 11

79 1464 121 1494 12

81 1632 133 1672 10

102 1760 121 1790 2

155 274 226 328 qui
259 274 300 314 in
335 273 503 314 Volscis
538 276 641 325 erat,
674 272 833 325 mallet,
865 272 972 313 nihil
1003 273 1231 327 recusavit3
1266 272 1486 314 Valerium
1517 275 1703 315 tantum-

155 332 279 373 modo
313 331 480 385 imperii
514 331 674 373 socium
709 331 969 385 depoposcit.
1033 330 1255 380 Quinctius
1287 331 1580 387 Horatiusque
1614 346 1704 374 suc-

153 405 341 432 cessores
377 389 546 431 Valerio
579 390 622 430 in
655 389 834 431 Volscos
867 390 998 432 missi.
1455 402 1457 404 ·

271 449 457 490 Profecti
491 449 544 490 ab
577 449 681 490 urbe
715 447 905 490 Sutrium
938 448 1089 490 Furius
1128 451 1171 489 et
1201 448 1402 490 Valerius
1434 451 1602 502 partem
1635 464 1705 504 op-

155 508 242 561 pidi
276 509 361 548 iam
395 510 561 561 captam
595 507 648 548 ab
680 507 874 549 Etruscis
906 508 1117 562 invenere,
1155 522 1205 548 ex
1242 511 1363 561 parte
1401 508 1536 549 altera
1574 509 1705 550 inter-

154 566 312 620 saeptis
345 566 568 608 itineribus
603 579 728 620 aegre
756 566 992 620 oppidanos
1019 567 1106 607 vim
1133 566 1324 608 hostium
1351 566 1403 608 ab
1431 581 1474 608 se
1501 570 1704 610 arcentes.

153 640 246 666 cum
271 624 454 666 Romani
475 625 621 666 auxilii
642 625 860 678 adventus,
891 628 982 666 tum
1004 624 1175 667 Camilli
1200 640 1357 666 nomen
1383 626 1704 668 celeberrimum

153 684 265 738 apud
292 684 436 725 hostes
464 685 685 738 sociosque
712 687 754 725 et
779 685 822 725 in
848 685 1087 738 praesentia
1114 698 1201 725 rem
1228 683 1477 726 inclinatam
1503 686 1706 727 sustinuit

154 747 195 783 et
228 743 415 797 spatium
449 743 501 784 ad
533 757 655 798 opem
690 743 907 785 ferendam
941 743 1067 784 dedit.

270 801 419 856 Itaque
453 802 588 843 diviso
621 803 809 843 exercitu
842 800 1050 843 Camillus
1084 802 1293 856 collegam
1331 803 1375 843 in
1413 816 1506 843 eam
1538 805 1703 856 partem

153 860 450 902 circumductis
497 862 646 915 copiis,
693 876 819 915 quam
864 860 1009 902 hostes
1053 861 1274 913 tenebant,
1319 861 1487 902 moenia
1530 860 1704 916 adgredi

152 919 281 969 iubet,
307 934 393 961 non
418 923 507 960 tam
536 935 559 960 a
587 934 660 973 spe
689 920 814 961 scalis
842 920 935 973 capi
967 919 1115 960 urbem
1146 934 1284 974 posse,
1316 934 1443 973 quam
1469 921 1518 960 ut
1544 921 1705 962 aversis

152 992 201 1020 eo
234 977 429 1019 hostibus
463 982 505 1019 et
538 978 763 1033 oppidanis
795 979 881 1019 iam
914 978 1144 1032 pugnando
1176 978 1300 1019 fessis
1335 979 1550 1020 laxaretur
1581 979 1705 1020 labor

154 1039 195 1077 et
226 1037 317 1089 ipse
351 1037 535 1090 spatium
571 1037 759 1078 intrandi
791 1037 881 1078 sine
909 1037 1140 1078 certamine
1167 1037 1336 1078 moenia
1362 1037 1551 1078 haberet.
1592 1038 1705 1092 quod

152 1109 245 1136 cum
280 1096 407 1136 simul
446 1096 660 1150 utrimque
697 1096 859 1137 factum
898 1098 1010 1137 esset
1049 1110 1287 1151 ancepsque
1325 1098 1462 1137 terror
1500 1096 1704 1139 Etruscos

151 1154 448 1196 circumstaret
480 1158 521 1195 et
554 1155 721 1196 moenia
754 1169 921 1196 summa
958 1155 1001 1196 vi
1039 1155 1279 1209 oppugnari
1318 1158 1360 1196 et
1390 1155 1505 1196 intra
1536 1155 1705 1197 moenia

150 1227 241 1254 esse
267 1213 437 1254 hostem
464 1213 669 1268 viderent,
695 1219 820 1268 porta
847 1228 902 1267 se,
930 1228 1038 1268 quae
1059 1229 1144 1254 una
1163 1213 1274 1255 forte
1301 1228 1388 1255 non
1416 1213 1705 1265 obsidebatur,

149 1271 306 1326 trepidi
344 1287 427 1313 uno
468 1273 639 1327 agmine
679 1273 848 1314 eiecere.
911 1286 1066 1327 magna
1106 1272 1254 1314 caedes
1294 1272 1552 1327 fugientium
1585 1273 1703 1314 etin

148 1331 252 1371 urbe
286 1334 327 1372 et
360 1345 435 1384 per
468 1345 593 1385 agros
627 1334 690 1372 est
723 1331 847 1372 facta.
910 1332 1053 1385 plures
1094 1347 1117 1372 a
1156 1331 1354 1373 Furianis
1386 1332 1501 1373 intra
1532 1332 1704 1373 moenia

149 1389 278 1442 caesi3
316 1389 535 1430 Valeriani
574 1390 856 1444 expeditiores
897 1390 948 1431 ad
988 1391 1303 1444 persequendos
1335 1390 1465 1444 fuere,
1496 1405 1575 1432 nec
1606 1393 1705 1432 ante

147 1450 329 1502 noctem,
363 1463 469 1502 quae
497 1452 772 1502 conspectum
794 1449 963 1502 ademit,
989 1449 1116 1489 finem
1146 1449 1349 1490 caedendi
1374 1449 1519 1491 fecere.
1561 1448 1704 1491 Sutrio

148 1510 318 1560 recepto
352 1507 636 1562 restitutoque
676 1508 801 1549 sociis
834 1507 1000 1561 Nepete
1040 1508 1248 1548 exercitus
1282 1507 1445 1563 ductus,
1485 1508 1598 1562 quod
1629 1522 1706 1563 per

149 1566 409 1607 deditionem
442 1571 662 1620 acceptum
695 1567 781 1607 iam
813 1569 951 1607 totum
984 1566 1155 1607 Etrusci
1191 1566 1421 1608 habebant.

265 1624 504 1666 Videbatur
534 1625 631 1679 plus
664 1625 708 1665 in
742 1640 791 1666 ea
817 1625 920 1666 urbe
946 1625 1191 1678 recipienda
1217 1625 1376 1666 laboris
1403 1625 1506 1679 fore,
1538 1640 1624 1667 non
1653 1640 1701 1666 eo

149 1683 300 1737 solum,
333 1684 444 1738 quod
477 1687 570 1725 tota
601 1684 792 1725 hostium
825 1686 933 1736 erat,
973 1684 1047 1724 sed
1086 1683 1216 1724 etiam
1255 1683 1367 1738 quod
1406 1687 1527 1737 parte
1565 1683 1705 1739 Nepe-

150 1742 338 1783 sinorum
370 1742 575 1796 prodente
609 1743 826 1784 civitatem
854 1742 966 1784 facta
993 1746 1084 1783 erat
1110 1742 1280 1785 deditio.
1341 1742 1456 1784 mitti
1482 1746 1626 1784 tamen
1653 1743 1705 1785 ad

150 1801 363 1855 principes
397 1816 543 1842 eorum
577 1802 751 1855 placuit,
784 1805 831 1842 ut
863 1804 1132 1843 secernerent
1170 1816 1213 1842 se
1247 1802 1299 1842 ab
1333 1801 1526 1843 Etruscis
1557 1801 1702 1843 fidem-

147 1927 218 1963 lius
251 1929 462 1973 sibergeben
495 1929 658 1972 wurden,
690 1928 795 1963 nicht
830 1929 888 1963 die

147 1977 309 2010 causarii
339 1977 413 2010 und
443 1977 609 2019 seniores,
642 1975 780 2010 welche
807 1976 891 2010 dem

150 2021 343 2063 Quinctius
388 2022 649 2067 urspriinglich
698 2022 891 2057 bestimmt

150 2080 271 2103 waren
294 2070 400 2114 (Ka-p.
417 2075 448 2112 6,
467 2074 523 2112 14)
544 2070 618 2104 und
633 2068 772 2103 welche
792 2069 891 2104 wohl

148 2118 224 2150 erst
245 2116 340 2161 jetzt
366 2119 472 2151 unter
492 2117 550 2151 die
565 2116 709 2150 Waffen
737 2116 889 2161 gerufen

147 2163 307 2197 wurden.
358 2163 415 2197 Da
440 2175 516 2197 nun
536 2163 576 2205 Q.
593 2162 769 2197 Servilius
795 2162 890 2197 auch

149 2212 273 2254 spater
307 2210 413 2243 nicht
444 2211 549 2244 mehr
581 2209 748 2244 erwahnt
785 2210 889 2253 wird,

148 2268 188 2291 so
220 2257 270 2291 ist
300 2256 620 2298 wahrscheinlich,
653 2256 732 2291 dass
765 2267 804 2291 er
835 2257 890 2290 in-

147 2303 328 2338 zwischen
361 2303 538 2338 erkrankt
570 2304 658 2338 oder
692 2303 890 2348 gestor-ben

146 2362 231 2386 war.

196 2402 226 2432 6.
253 2398 388 2443 mallet]
427 2397 501 2432 Der
538 2396 766 2441 Konjunktiv
803 2396 891 2431 lasst

148 2444 226 2479 sich
238 2445 418 2488 erklarem
432 2443 557 2478 indem
567 2443 889 2488 einBedingungs-

149 2494 226 2527 satz
259 2491 533 2537 hinzugedacht
565 2491 656 2525 wird
683 2491 819 2533 (‘wenn
852 2501 889 2524 es

147 2539 224 2573 ihm
256 2539 325 2573 frei
356 2538 560 2583 gestanden
586 2537 734 2582 hatte’).
786 2536 890 2571 Doch

147 2586 244 2631 folgt
287 2586 347 2620 bei
385 2586 512 2620 Livius
550 2596 594 2619 an
632 2585 710 2619 vier
748 2583 890 2618 Stellen

149 2634 244 2667 auch
278 2634 380 2667 sonst
417 2633 480 2667 der
520 2632 751 2676 Konjunktiv
793 2631 890 2665 nach

148 2691 364 2725 quamquam
379 2682 449 2722 (23,
472 2683 528 2722 29,
550 2683 585 2719 7;
613 2682 668 2721 36,
691 2682 747 2720 34,
769 2681 806 2721 6;
834 2680 890 2717 38,

148 2730 180 2770 9,
204 2731 262 2769 11,
291 2731 347 2769 45,
371 2731 424 2769 17,
447 2728 492 2769 7),
526 2726 599 2760 wie
628 2724 806 2760 zuweilen
832 2724 892 2759 bei

148 2773 325 2808 Dichtern
351 2775 427 2808 und
454 2774 508 2807 oft
533 2772 594 2807 bei
620 2771 782 2806 Tacitus.

197 2824 226 2854 7.
261 2832 304 2855 ex
330 2824 437 2864 parte
469 2820 600 2865 altera]
633 2837 676 2848 =
709 2820 749 2853 in
776 2819 892 2854 altera

142 2871 250 2911 parte
275 2868 411 2912 oppidi.

1010 1927 1259 1974 intersaeptis]
1312 1928 1540 1974 ‘versperrt’,
1590 1929 1706 1964 durch

962 1975 1202 2010 Barrikaden.

1011 2025 1042 2056 8.
1069 2024 1109 2056 in
1131 2022 1355 2067 praesentia]
1383 2022 1442 2056 ffir
1467 2022 1537 2057 den
1557 2022 1703 2068 Augen-

962 2068 1074 2104 blick.
1124 2069 1215 2113 Kap.
1237 2073 1293 2112 42,
1315 2072 1346 2104 3.

1012 2120 1043 2150 9.
1077 2127 1099 2150 α
1130 2116 1206 2161 spe]
1239 2115 1333 2150 auch
1363 2119 1421 2158 27,
1445 2119 1498 2159 17,
1520 2119 1557 2160 5,
1585 2133 1630 2145 =
1661 2117 1704 2151 ob

961 2174 1059 2208 spem
1085 2163 1173 2207 (vgl.
1202 2163 1293 2207 Kap.
1315 2167 1347 2203 2,
1368 2163 1415 2207 9).

1010 2211 1145 2244 aversis
1176 2220 1213 2244 eo
1244 2210 1420 2255 hostibus]
1453 2227 1497 2238 =
1528 2211 1562 2245 si
1591 2210 1706 2246 hostes

963 2258 1004 2291 in
1029 2268 1106 2291 eum
1125 2260 1267 2301 partem
1294 2258 1410 2292 aversi
1434 2261 1556 2292 essent.

1010 2303 1221 2349 oppidanis]
1247 2303 1374 2338 Dativ!

1012 2354 1066 2384 10.
1103 2361 1233 2394 anceps
1269 2350 1400 2396 terror]
1439 2349 1566 2385 indem
1610 2351 1706 2386 auch

964 2397 1153 2440 Camillus,
1179 2397 1360 2432 nachdem
1387 2409 1426 2432 er
1450 2397 1488 2431 in
1515 2397 1574 2432 die
1599 2397 1707 2433 Stadt

964 2444 1183 2489 eingerfickt
1196 2456 1283 2487 war,
1300 2444 1359 2479 die
1368 2444 1547 2479 Etrusker
1560 2444 1705 2489 angriff.

1009 2491 1131 2536 porta]
1154 2490 1304 2526 Ablativ
1330 2491 1394 2525 des
1414 2491 1562 2536 Weges,
1579 2508 1622 2520 =
1641 2503 1706 2536 per

957 2542 1115 2582 portam,
1142 2537 1197 2572 oft
1224 2538 1283 2572 bei
1309 2537 1443 2575 Livius

1011 2588 1066 2619 11.
1092 2585 1132 2619 in
1153 2612 1160 2618 .
1183 2612 1189 2618 .
1213 2612 1219 2619 .
1235 2584 1319 2629 per]
1342 2583 1516 2619 Wechsel
1535 2584 1600 2619 der
1619 2583 1706 2619 Pr'a—

962 2631 1136 2676 position,
1161 2631 1232 2665 wie
1259 2631 1349 2675 Kap.
1377 2635 1409 2674 8,
1429 2635 1452 2665 4
1477 2643 1511 2666 u,
1538 2634 1596 2674 34,
1615 2635 1647 2666 5.

1012 2690 1035 2712 α
1049 2677 1248 2723 Furianis]
1276 2688 1349 2712 von
1363 2678 1432 2712 den
1448 2677 1622 2722 Truppen
1643 2678 1706 2713 des

966 2723 1154 2759 Camillus.

1011 2772 1061 2806 acl
1081 2771 1357 2822 persequendos]
1385 2770 1461 2805 scil.
1489 2782 1555 2806 eos.

1012 2817 1076 2853 10.
1103 2822 1135 2853 2.
1161 2818 1272 2863 mitti]
1301 2817 1376 2852 scil.
1403 2819 1562 2853 nuntios.

1006 2864 1165 2910 placuit]
1191 2864 1304 2901 n‘aml.
1331 2864 1493 2900 Camillo.
