1794 3084
87 407 127 438 10

87 526 122 555 11

83 818 124 849 12

83 995 124 1025 13

83 1172 124 1202 14

82 1409 121 1438 15

152 112 207 152 5252
704 112 849 147 LIBER
873 112 916 147 V.
964 111 1065 148 CAP.
1094 114 1149 147 11.
1499 129 1524 147 a.
1543 129 1571 147 u.
1591 129 1615 147 c.
1636 122 1699 148 853.

157 220 351 262 Romana
383 224 533 261 castra.
586 220 728 262 omnia
754 219 854 273 fieri,
887 221 935 260 ut
960 221 1236 260 consenescat
1261 219 1313 261 ad
1338 219 1470 261 Veios
1496 219 1695 262 iuventus

155 293 230 320 nec
271 279 319 320 de
361 279 473 333 agris
511 293 587 320 nec
623 279 672 319 de
706 278 802 319 aliis
834 278 1066 319 commodis
1098 278 1234 332 plebis
1267 278 1375 319 ferre
1407 278 1459 320 ad
1490 277 1696 332 populum

155 338 312 379 tribuni
358 338 681 391 frequentiaque
725 337 889 377 urbana
929 337 1140 378 celebrare
1186 337 1372 378 actiones
1417 339 1460 379 et
1497 337 1694 379 resistere

156 397 458 450 conspirationi
491 396 766 449 patriciorum
800 396 980 448 possint.
1024 395 1328 450 praeiudicium
1354 395 1440 437 iam
1467 395 1517 436 de
1543 396 1626 437 reis
1653 398 1696 437 et

153 456 205 496 ab
238 459 386 496 senatu
414 458 455 495 et
483 455 535 495 ab
562 454 720 508 populo
746 454 940 496 Romano
968 457 1010 496 et
1036 455 1088 496 ab
1115 455 1304 508 ipsorum
1332 454 1509 509 collegis
1534 454 1695 496 factum
1718 477 1726 486 ·
1789 473 1794 483 ·

154 528 261 567 esse,
294 528 392 554 nam
427 517 468 554 et
501 516 673 554 senatus
707 514 901 555 consulto
929 528 1000 555 eos
1028 514 1080 554 ab
1107 528 1151 554 re
1178 514 1350 567 publica
1375 516 1562 555 remotos
1588 527 1694 565 esse,

153 576 196 613 et
226 575 469 613 recusantes
502 572 695 613 abdicare
728 586 771 614 se
804 573 1059 627 magistratu
1093 573 1312 614 dictatoris
1345 575 1460 614 metu
1491 572 1544 613 ab
1570 571 1695 613 colle-

154 631 216 685 gis
249 631 455 672 coercitos
489 645 592 684 esse,
625 634 667 672 et
697 632 902 686 populum
929 631 1166 673 Romanum
1192 631 1387 673 tribunos
1414 644 1592 681 creasse,
1623 631 1694 685 qui

152 704 236 730 non
262 688 408 730 Idibus
438 689 754 744 Decembribus,
781 690 845 731 die
873 691 1082 743 sollemni,
1110 691 1181 731 sed
1208 690 1422 744 extemplo
1449 689 1542 731 Kal.
1569 688 1695 731 Octo-

153 748 298 790 bribus
331 749 631 802 magistratum
665 749 918 804 occiperent,
952 750 1050 803 quia
1083 752 1197 790 stare
1229 749 1389 790 diutius
1421 763 1488 790 res
1521 747 1695 804 publica

151 807 218 848 his
257 808 527 849 manentibus
563 809 606 849 in
638 808 894 862 magistratu
926 822 1011 849 non
1045 812 1202 861 posset.
1252 811 1294 849 et
1324 810 1470 849 tamen
1501 821 1592 861 eos,
1629 809 1696 848 tot

151 865 317 907 iudiciis
350 866 569 908 confossos
603 867 1028 920 praedamnatosque,
1060 866 1203 907 venire
1236 866 1289 907 ad
1314 866 1464 921 populi
1490 865 1695 907 iudicium

152 928 193 966 et
237 926 481 966 existimare
527 925 750 967 defunctos
796 940 838 966 se
883 940 975 966 esse
1021 925 1209 979 satisque
1246 939 1480 979 poenarum
1518 924 1695 978 dedisse,

152 984 263 1038 quod
301 984 466 1025 duobus
498 984 715 1025 mensibus
749 984 873 1026 citius
905 984 1063 1037 privati
1094 984 1197 1025 facti
1230 983 1332 1037 sint,
1362 997 1498 1038 neque
1529 983 1697 1025 intelle-

149 1057 246 1097 gere
284 1043 464 1085 nocendi
504 1043 583 1084 sibi
623 1043 780 1084 diutius
821 1046 911 1084 tum
942 1045 1202 1097 potestatem
1236 1044 1427 1096 ereptam
1460 1056 1570 1095 esse,
1607 1056 1695 1083 non

151 1116 330 1155 poenam
374 1103 626 1156 irrogatam,
674 1102 828 1156 quippe
867 1104 909 1143 et
948 1102 1124 1157 collegis
1165 1102 1418 1156 abrogatum
1457 1101 1696 1155 imperium,

152 1162 222 1214 qui
260 1165 372 1202 certe
410 1161 515 1202 nihil
549 1160 838 1215 deliquissent.
895 1160 991 1201 illos
1023 1164 1267 1215 repeterent
1299 1160 1464 1201 animos
1497 1158 1697 1214 Quirites,
1726 1193 1729 1196 .

150 1234 254 1273 quos
298 1220 455 1261 recenti
499 1220 617 1262 clade
661 1222 835 1274 accepta
878 1220 1149 1272 habuissent,
1193 1234 1287 1260 cum
1326 1219 1431 1274 fuga
1467 1218 1695 1273 trepidum,

149 1279 321 1332 plenum
360 1280 579 1319 vulnerum
619 1293 667 1320 ac
704 1279 875 1333 pavoris
914 1278 1172 1319 incidentem
1204 1278 1342 1332 portis
1375 1278 1607 1319 exercitum
1637 1278 1695 1318 vi-

149 1336 304 1391 derint,
343 1352 428 1379 non
466 1338 681 1379 fortunam
722 1340 795 1379 aut
834 1352 1090 1392 quemquam
1123 1338 1316 1387 deorum,
1354 1336 1426 1378 sed
1458 1336 1537 1378 hos
1570 1336 1696 1386 duces

149 1399 430 1438 accusantem.
486 1412 562 1451 pro
595 1399 709 1438 certo
743 1411 785 1437 se
818 1396 975 1438 habere
1007 1397 1221 1438 neminem
1263 1396 1306 1437 in
1340 1396 1536 1437 contione
1569 1397 1697 1450 stare,

194 1563 224 1593 9.
252 1570 314 1594 nec
335 1587 341 1594 .
365 1587 372 1594 .
395 1586 401 1593 .
422 1559 499 1604 nec]
535 1560 640 1594 ‘und
676 1559 796 1594 weder
817 1587 823 1594 .
847 1587 853 1594 .
876 1588 882 1594 .
956 1559 1217 1603 iiberstanden,
1236 1559 1335 1593 seien
1350 1558 1697 1603 davongekommen

146 1605 276 1648 noch’,
304 1606 427 1640 indem
454 1607 518 1641 das
545 1607 642 1641 erste
668 1618 731 1642 nec
751 1619 795 1641 an
818 1608 882 1642 das

145 1653 455 1695 Vorhergehende
469 1654 652 1698 ankm'ipft
666 1666 699 1688 u.
716 1654 883 1699 zugleich

147 1700 216 1734 mit
258 1701 340 1735 dem
379 1703 533 1735 zweiten
573 1701 881 1746 korrespondiert.

147 1747 231 1782 Dies
266 1747 381 1782 findet
413 1747 490 1782 sich
524 1750 645 1782 zuei-st
677 1749 734 1783 bei
761 1747 880 1792 Casas,

147 1795 244 1829 dann
276 1796 330 1829 oft
361 1795 418 1829 bei
446 1795 584 1829 Sallust
615 1808 648 1830 u.
680 1795 805 1830 Livius
833 1797 880 1840 (l,

149 1846 203 1885 59,
228 1846 264 1884 13
286 1847 317 1885 3,
334 1845 364 1885 5,
382 1846 401 1877 6
417 1855 449 1876 u.
472 1846 527 1886 26,
545 1847 580 1884 7;
603 1848 634 1885 6,
656 1847 711 1886 33,
729 1846 770 1877 12
787 1844 883 1888 eto).

192 1901 463 1945 frequentiaque
477 1901 561 1946 etc]
580 1901 679 1935 ‘ihre
695 1901 881 1935 Verhand-

147 1947 284 1992 lungen
311 1948 426 1982 durch
447 1948 506 1982 die
529 1947 731 1982 stadtische
752 1949 884 1993 Menge

147 1995 337 2037 beleben',
365 1995 397 2029 d.
419 1995 452 2028 h.
482 1994 540 2029 die
562 1994 780 2039 Bedeutung
805 1996 883 2030 der-

149 2041 273 2076 selben
307 2043 419 2076 durch
454 2042 512 2076 die
545 2041 664 2086 grosse
697 2043 787 2076 Zahl
820 2042 884 2076 der

146 2088 400 2123 Anwesenden
428 2088 600 2123 erhohen.

195 2139 248 2169 11.
285 2137 329 2171 ab
356 2136 580 2181 republica]
615 2135 691 2170 scil.
725 2136 884 2170 admini—

146 2183 308 2217 stranda.
344 2183 390 2217 So
417 2182 531 2217 findet
550 2183 627 2216 sich
649 2183 703 2217 oft
723 2184 886 2218 accedere

146 2230 196 2264 acl
239 2240 310 2264 rem
354 2231 536 2274 publicam
582 2229 668 2273 (Cic.
706 2242 739 2274 p.
778 2229 883 2264 Rosc.

147 2276 226 2310 Am.
249 2282 286 2319 33
313 2276 412 2311 Verr.
438 2282 467 2319 l,
489 2280 549 2319 333
580 2277 670 2321 Top.
692 2279 764 2321 82),
791 2278 885 2312 doch

146 2323 240 2358 auch
272 2334 342 2358 ace.
377 2325 424 2359 ad
454 2335 528 2358 rem
561 2335 595 2368 p.
624 2325 885 2359 administran-

148 2371 229 2406 dam
258 2371 393 2414 (Quint.
421 2375 452 2413 3,
474 2376 505 2414 5,
527 2373 578 2415 6).

197 2433 248 2464 12.
288 2429 419 2474 tamen]
459 2430 532 2464 Der
565 2430 770 2475 Gegensatz
803 2441 884 2464 zum

148 2476 486 2521 Vorhergehenden
514 2477 604 2511 wird
628 2477 723 2511 noch
749 2477 886 2512 einmal

147 2523 438 2559 nachdrficklich
535 2524 887 2568 zusammengefasst

148 2570 263 2606 durch
296 2571 353 2605 die
380 2570 508 2606 Worte
541 2575 591 2606 tot
621 2572 771 2606 iudiciis
802 2582 885 2606 con-

146 2619 259 2661 fossos
275 2619 623 2663 praedamnatosque
639 2619 666 2663 (⁸
678 2619 887 2653 vernichtet

147 2678 181 2700 u.
208 2665 546 2711 gebrandmarkt').

192 2713 328 2758 venire]
368 2712 414 2747 Es
445 2724 522 2747 war
553 2713 731 2747 vielmehr
758 2725 801 2747 zu
828 2724 881 2747 er-

148 2761 304 2802 warten,
346 2759 423 2794 dass
462 2760 514 2795 sie
554 2760 605 2793 im
643 2759 883 2794 Bewusstsein

149 2806 247 2840 ihrer
261 2805 396 2841 Schuld
417 2807 474 2841 ins
491 2806 572 2840 Exil
586 2807 705 2851 gehen
720 2807 882 2842 wiirden.

195 2853 398 2900 defunctos]
427 2854 590 2889 absolut:
613 2853 668 2901 ‘sie
696 2855 825 2889 hatten
844 2865 881 2889 es

957 1607 1103 1651 (anders
1130 1607 1222 1651 Kap.
1250 1609 1282 1649 5,
1306 1607 1351 1650 7).

1002 1666 1126 1711 citius]
1144 1665 1154 1683 ⁶
1164 1664 1289 1699 frtiher
1301 1665 1355 1698 als
1364 1664 1501 1707 sonst’,
1519 1663 1694 1709 gewohn-

955 1712 1028 1746 lich
1045 1713 1158 1755 ‘eher,
1174 1712 1342 1747 leichter'
1354 1713 1404 1756 (3,
1413 1714 1522 1754 45,11
1532 1723 1567 1745 11.
1577 1714 1634 1756 52,
1646 1711 1692 1767 8).

1004 1787 1056 1817 14.
1083 1786 1277 1827 repeterent
1303 1782 1379 1827 an]
1416 1782 1590 1816 mochten
1615 1780 1694 1817 sich

958 1830 997 1864 in
1030 1831 1088 1864 die
1116 1829 1326 1875 Stimmung
1360 1828 1697 1864 zuriickversetzen.

1000 1889 1134 1935 portis]
1162 1889 1284 1923 Ablat.
1313 1888 1376 1922 des
1397 1887 1544 1932 Weges,
1571 1904 1615 1916 =
1633 1898 1698 1932 per

951 1941 1081 1981 portas
1106 1937 1147 1971 in
1173 1937 1306 1972 urbem.
1338 1934 1422 1979 Vgl.
1443 1938 1476 1978 3,
1497 1938 1529 1979 3,
1549 1937 1569 1968 3
1596 1945 1696 1984 aqre-

956 1987 1091 2028 stesque
1137 1983 1268 2027 pavidi
1315 1982 1513 2017 incidentes
1557 1982 1697 2026 portis,-

957 2031 1050 2075 Kap.
1079 2034 1134 2073 26,
1156 2034 1187 2065 8.

1003 2089 1176 2134 viderint]
1221 2088 1293 2122 Der
1330 2087 1436 2132 Konj.
1474 2086 1570 2121 Perf.
1607 2087 1698 2122 hebt

958 2136 1022 2170 das
1044 2136 1290 2170 Zeitmoment
1310 2135 1444 2168 hervor
1464 2133 1617 2178 (direktz
1643 2135 1696 2169 vi-

957 2184 1086 2227 distis),
1113 2181 1288 2216 wahrend
1313 2182 1486 2216 vidissent
1505 2181 1586 2216 eine
1606 2181 1696 2217 kau—

959 2230 1035 2264 sale
1055 2230 1281 2273 Auffassung
1300 2227 1450 2263 zuliesse
1470 2227 1624 2273 (direkm
1645 2229 1696 2263 vi-

958 2278 1122 2321 dissetis).

1004 2322 1247 2368 accusantem]
1296 2321 1579 2367 nachtr'agliche
1627 2321 1695 2357 Be-

959 2371 1162 2415 stimmung
1188 2382 1231 2404 zu
1258 2370 1466 2413 emm-citum,
1498 2369 1604 2404 nicht
1628 2368 1698 2404 mit

957 2419 1114 2454 viderint
1138 2428 1180 2451 zu
1206 2416 1417 2451 verbinden.

1007 2481 1060 2512 15.
1081 2487 1152 2521 pro
1177 2475 1285 2522 certo]
1312 2474 1490 2520 Dagegen
1510 2473 1604 2519 Kap.
1620 2477 1653 2520 3,
1673 2479 1694 2510 2

958 2528 1091 2559 certum
1114 2524 1233 2558 habeo.

1004 2573 1046 2606 in
1077 2569 1254 2615 contione]
1301 2568 1344 2602 In
1382 2569 1445 2603 der
1477 2568 1615 2604 Kontio
1646 2569 1696 2604 ist

958 2619 1022 2654 das
1043 2618 1142 2653 Volk
1162 2618 1256 2652 ohne
1282 2616 1495 2651 bestimmte
1516 2615 1695 2661 Ordnung

958 2665 1211 2707 versammelt,
1243 2674 1306 2697 um
1338 2663 1397 2698 die
1423 2662 1604 2708 Vortrage
1631 2662 1695 2698 der

956 2714 1135 2748 Beamten
1143 2711 1363 2746 anzuhoren.
1386 2709 1695 2755 Abstimmungen

956 2761 1124 2804 dagegen
1161 2758 1283 2793 finden
1326 2768 1395 2792 nur
1430 2756 1469 2791 in
1507 2756 1694 2792 Komitien

956 2809 1064 2851 statt,
1102 2805 1226 2840 indem
1258 2804 1323 2839 das
1356 2803 1454 2839 Volk
1488 2802 1568 2838 sich
1597 2803 1694 2839 nach

957 2852 1156 2890 Centurien
1181 2851 1270 2887 oder
1295 2851 1429 2886 Tribus
1455 2850 1633 2886 aufstellt.
