1794 3084
43 96 73 116 a.
93 88 144 115 ch.
163 96 192 114 n.
212 88 266 114 354
293 88 355 113 353.
542 76 687 112 LIBER
711 76 792 112 VH.
843 75 944 113 CAP.
976 80 1030 112 19.
1057 79 1113 110 20.
1554 75 1609 115 47

42 188 88 229 in
121 185 342 230 Caeritum
373 186 481 227 fines
515 188 709 228 avectam
742 188 785 227 et
816 185 930 227 haud
958 185 1084 227 dubie
1111 185 1380 226 iuventutem
1413 184 1504 225 eius
1536 198 1611 238 po-

42 247 133 302 puli
160 247 274 288 inter
292 245 569 300 praedatores
590 246 733 287 fuisse.
783 247 927 299 itaque
948 244 1170 286 Valerium
1192 244 1421 297 consulem,
1441 242 1611 285 Volscis
1637 254 1657 284 9

45 306 294 362 oppositum
316 308 538 360 castraque
561 305 613 346 ad
634 305 764 345 finem
784 304 1076 345 Tusculanum
1097 303 1340 357 habentem,
1365 305 1611 344 revocatum

43 365 141 408 inde
182 368 357 406 senatus
397 364 652 405 dictatorem
693 363 831 405 dicere
870 363 1007 405 iussit.
1071 362 1119 404 T.
1151 362 1360 404 Manlium
1398 361 1443 404 L.
1475 362 1612 403 filium
1641 372 1683 403 10

47 425 171 466 dixit.
231 425 268 466 is
302 438 398 465 cum
431 423 514 465 sibi
546 423 803 478 magistrum
843 423 1035 477 equitum
1068 422 1120 463 A.
1153 421 1400 464 Cornelium
1433 419 1613 463 Cossum

44 484 238 538 dixisset,
271 482 489 525 consulari
523 483 710 524 exercitu
744 483 970 523 contentus
998 496 1047 523 ex
1075 482 1331 523 auctoritate
1362 484 1536 536 patrum
1565 495 1613 522 ac

43 543 196 600 populi
227 543 346 584 iussu
379 540 622 584 Caeritibus
655 541 818 582 bellum
850 541 1017 582 indixit.

163 602 273 644 Tum
312 602 496 656 primum
536 599 750 654 Caerites,
789 603 1011 654 tamquam
1051 600 1096 641 in
1134 599 1276 641 verbis
1315 599 1508 641 hostium
1546 599 1611 640 vis
1627 599 1683 641 20

42 663 181 704 maior
220 661 273 703 ad
306 662 468 702 bellum
501 660 830 716 significandum
872 674 1001 714 quam
1033 660 1079 700 in
1119 659 1207 700 suis
1245 659 1391 710 factis,
1431 659 1503 713 qui
1538 673 1614 712 per

41 721 369 777 populationem
409 720 629 762 Romanos
667 718 965 773 lacessierant,
1005 721 1135 768 esset,
1167 733 1292 760 verus
1338 718 1441 759 belli
1477 721 1614 759 terror

39 781 213 835 invasit,
246 783 289 821 et
321 795 451 834 quam
482 794 568 821 non
596 794 769 820 suarum
795 778 951 820 virium
979 792 1027 819 ea
1054 777 1275 819 dimicatio
1309 780 1435 831 esset,
1468 791 1608 818 cerne-

41 841 167 894 bant,
211 840 541 895 paenitebatque
583 838 904 892 populationis,
954 839 997 878 et
1040 837 1374 893 Tarquinienses
1421 850 1608 878 exsecra·
1637 848 1656 879 2

41 899 200 942 bantur
238 898 491 940 defectionis
531 900 746 953 auctores3
790 911 867 939 nec
907 912 1026 938 arma
1064 899 1139 938 aut
1176 896 1338 938 bellum
1378 896 1606 951 quisquam

43 972 270 1015 apparare,
309 958 381 999 sed
414 972 492 1012 pro
527 971 570 999 se
603 958 783 1012 quisque
815 957 982 1011 legatos
1022 956 1137 997 mitti
1168 956 1347 997 iubebat
1379 955 1433 996 ad
1464 958 1611 1009 peten-

43 1018 141 1060 dam
174 1018 329 1060 erroris
361 1018 542 1060 veniam.
600 1017 732 1072 legati
765 1019 963 1058 senatum
996 1030 1092 1057 cum
1126 1015 1338 1070 adissent,
1371 1015 1424 1056 ab
1458 1018 1610 1056 senatu
1638 1026 1658 1057 3

41 1077 190 1119 reiecti
222 1077 274 1118 ad
307 1077 511 1132 populum
538 1076 639 1118 deos
672 1079 953 1130 rogaverunt,
995 1089 1177 1130 quorum
1210 1089 1332 1116 sacra
1361 1074 1476 1116 bello
1511 1073 1612 1116 Gal-

44 1137 128 1179 lico
165 1140 342 1190 accepta
374 1136 455 1177 rite
494 1137 818 1190 procurassent,
863 1137 912 1176 ut
948 1134 1170 1176 Romanos
1212 1134 1414 1176 florentes
1457 1148 1507 1175 ea
1546 1133 1611 1174 sui

44 1195 341 1238 misericordia
375 1198 565 1249 caperet,
604 1209 712 1249 quae
752 1209 795 1235 se
834 1195 962 1235 rebus
996 1193 1176 1236 adfectis
1213 1193 1430 1249 quondam
1462 1192 1612 1247 populi

42 1255 230 1298 Romani
252 1255 452 1309 cepisset3
475 1254 753 1309 conversique
775 1253 828 1295 ad
849 1253 1026 1295 delubra
1046 1253 1204 1295 Vestae
1224 1252 1460 1307 hospitium
1479 1252 1615 1293 flami·
1640 1264 1663 1294 4

46 1330 152 1357 num
179 1313 505 1368 Vestaliumque
534 1314 586 1355 ab
615 1328 660 1355 se
688 1316 803 1355 caste
831 1327 878 1354 ac
904 1313 1106 1368 religiose
1139 1313 1302 1355 cultum
1334 1312 1615 1354 invocabant:

168 1373 288 1415 Eane
315 1373 493 1415 meritos
521 1373 710 1415 crederet
735 1373 963 1427 quisquam
989 1373 1138 1415 hostes
1164 1375 1340 1426 repente
1367 1372 1460 1413 sine
1487 1386 1616 1413 causa
1642 1382 1662 1413 5

46 1433 199 1488 factos,
233 1436 318 1483 aut,
352 1433 388 1474 si
421 1432 522 1487 quid
553 1431 770 1474 hostiliter
794 1431 1009 1486 fecissent,
1041 1432 1222 1474 consilio
1249 1431 1294 1473 id
1320 1431 1459 1485 magis
1486 1445 1615 1485 quam

48 1493 195 1534 furore
226 1492 372 1547 lapsos
405 1492 570 1546 fecisse,
596 1495 644 1533 ut
670 1506 747 1534 sua
773 1494 919 1533 vetera
943 1491 1164 1546 beneficia,
1196 1492 1338 1533 locata
1362 1489 1615 1544 praesertim

47 1552 160 1606 apud
192 1554 282 1593 tam
316 1554 482 1607 gratOS,
523 1551 648 1593 novis
689 1553 1015 1606 corrumperent
1052 1551 1273 1592 maleficiis
1305 1550 1616 1604 florentemque

43 1611 256 1667 populum
306 1610 550 1653 Romanum
602 1625 651 1652 ac
700 1610 999 1652 felicissimum
1050 1611 1165 1652 bello
1217 1609 1300 1651 sibi
1345 1609 1618 1650 desumerent

49 1671 238 1725 hostem,
271 1670 387 1712 cuius
416 1670 575 1712 adflicti
602 1670 838 1712 amicitiam
863 1669 1105 1725 petissent?
1137 1684 1191 1711 ne
1225 1668 1491 1724 appellarent
1517 1682 1618 1710 con—

92 1780 124 1813 9.
150 1774 370 1820 revocatum]
398 1774 483 1818 Vgl.
511 1775 603 1818 Kap.
627 1779 681 1816 12,
702 1779 733 1809 9.

94 1827 147 1859 10.
180 1823 220 1857 T.
233 1822 436 1867 Manlium]
458 1821 537 1857 scil.
556 1822 791 1867 Torquatum.

44 1870 130 1915 Vgl.
157 1870 251 1915 Kap.
279 1874 310 1913 5,
332 1874 352 1904 3
378 1868 453 1903 und
483 1873 536 1912 10,
560 1873 613 1904 13.

92 1919 138 1952 A.
168 1917 391 1963 Cornelium]
427 1918 522 1951 auch
548 1920 616 1951 349
649 1916 793 1951 Reiter-

45 1966 173 2000 oberst
199 1965 263 2000 des
291 1966 333 2000 T.
360 1964 532 2007 Manlius,
560 1963 703 1999 Konsul
725 1968 793 1999 343

44 2013 120 2048 und
147 2016 226 2056 332,
253 2011 428 2047 Diktator
454 2015 521 2046 322
548 2023 582 2046 v.
609 2011 690 2046 Chr.

93 2060 158 2096 20.
187 2064 217 2094 1.
246 2060 364 2094 verbis
377 2059 547 2103 hostium]
565 2059 630 2093 der
644 2058 795 2104 Kriegs-

46 2107 249 2151 erklarung
275 2107 390 2141 durch
417 2107 475 2141 die
502 2106 682 2141 Fetialen.

94 2156 142 2190 ad
168 2156 297 2190 bellum
310 2154 611 2200 siqnificandum]
622 2167 685 2189 zur
696 2153 795 2189 Kon-

46 2202 273 2248 statierung,
317 2201 563 2246 Andeutung,
606 2201 686 2237 dass
732 2202 797 2236 der

45 2249 162 2294 Krieg
188 2250 235 2284 da
261 2249 324 2284 sei.

94 2297 174 2343 qui]
201 2297 267 2331 auf
277 2297 364 2339 suis,
374 2314 418 2325 =
432 2298 606 2341 ipsorum,
617 2296 792 2341 bezogen.

94 2349 126 2380 3.
154 2344 292 2391 reiecti]
322 2344 552 2389 ‘gewiesen’.
590 2345 664 2378 Das
685 2345 792 2379 Wort

47 2391 142 2427 wird
168 2392 224 2426 oft
243 2392 461 2436 gebraucht,
489 2403 596 2426 wenn
623 2391 703 2426 eine
723 2390 792 2425 Be-

46 2439 163 2474 horde
200 2440 281 2474 eine
318 2438 601 2481 Entscheidung
633 2449 679 2472 an
712 2438 792 2473 eine

46 2487 186 2522 hohere
206 2486 352 2521 Instanz
377 2486 484 2521 weist
509 2490 552 2529 (z.
575 2487 613 2519 B.
635 2490 667 2529 5,
682 2490 739 2528 20,
755 2490 792 2527 9;

47 2537 105 2578 22,
119 2537 155 2577 13
176 2537 232 2576 36,
249 2536 319 2579 10).
345 2534 419 2569 Der
433 2533 547 2569 senat
561 2534 794 2568 entscheidet

49 2582 152 2616 sonst
177 2581 294 2616 selbst
324 2582 415 2617 iiber
445 2580 793 2616 Friedensschh'isse

48 2629 124 2663 und
156 2627 382 2671 Biindnisse3
422 2629 504 2663 hier
536 2629 625 2663 aber
656 2628 705 2663 ist
737 2627 796 2663 die

50 2676 186 2710 soeben
236 2687 322 2711 vom
364 2675 485 2711 Volke
536 2675 796 2710 beschlossene

49 2721 386 2769 Kriegserklarung
410 2723 653 2758 aufzuheben.

95 2771 164 2805 rite
184 2770 458 2817 procurassent]
500 2771 587 2806 ‘auf
618 2769 795 2816 geborige

49 2815 174 2852 Weise
206 2819 357 2863 besorgt
387 2818 552 2861 hiitten',
586 2818 705 2852 damit
731 2817 796 2853 der

49 2862 185 2900 Kultus
216 2865 322 2900 nicht
352 2865 624 2901 unterbrochen
657 2864 794 2901 wiirde.

913 1774 970 1820 ut]
998 1773 1067 1808 mit
1090 1777 1312 1819 roqaverunt
1336 1785 1380 1808 zu
1400 1772 1616 1808 verbinden.

913 1823 1018 1857 rebus
1044 1820 1212 1866 adfectis]
1240 1820 1280 1855 in
1306 1820 1371 1856 der
1397 1820 1482 1855 Not.

914 1873 946 1903 4.
974 1869 1140 1915 delubra]
1165 1867 1418 1913 ‘Heiligtum',
1439 1879 1512 1903 von
1532 1867 1616 1902 dem

868 1916 998 1951 einen
1027 1915 1213 1961 ‘Tempel'
1243 1916 1307 1950 der
1333 1915 1460 1951 Vesta.

914 1965 1120 2008 flaminum]
1149 1962 1484 2008 ‘Eigenpriester’.
1523 1962 1616 1997 Fla-

868 2023 947 2046 men
979 2010 1093 2046 heisst
1125 2011 1189 2045 der
1220 2010 1381 2045 Priester
1414 2010 1515 2046 eines
1541 2011 1616 2045 ein-

869 2059 973 2104 zigen
989 2058 1129 2094 Gottes.
1150 2057 1200 2092 Es
1212 2058 1285 2103 gab
1300 2059 1379 2094 drei
1392 2057 1616 2102 patriziscbe

868 2106 1055 2142 Flamines
1075 2106 1248 2150 maiores,
1274 2106 1345 2140 den
1370 2105 1500 2149 Dialis,
1520 2104 1617 2140 Mar-

868 2154 968 2189 tialis
1011 2154 1088 2189 und
1126 2153 1344 2196 Quirinalis,
1390 2154 1464 2187 und
1509 2152 1620 2188 zwolf

868 2201 1054 2237 Flamines
1066 2201 1236 2236 minores.
1269 2200 1344 2236 Der
1358 2200 1513 2234 Flamen
1528 2200 1615 2235 Dia-

868 2249 915 2283 lis
935 2249 1041 2284 hatte
1063 2250 1156 2283 Rom
1176 2249 1275 2283 wohl
1301 2249 1406 2284 nicht
1431 2248 1616 2283 verlassen

871 2296 962 2342 (vgl.
978 2298 1164 2341 5,52,13);
1191 2297 1261 2331 mit
1281 2296 1350 2330 den
1374 2296 1615 2330 Vestalinneu

867 2355 943 2378 war
981 2344 1046 2379 der
1083 2344 1236 2379 Flamen
1277 2343 1480 2386 Quirinalis
1519 2342 1616 2377 nach

866 2390 979 2426 Caere
1006 2402 1203 2437 gegangen
1218 2392 1307 2436 (vgl.
1329 2394 1361 2434 5,
1378 2393 1494 2433 40.7),
1515 2394 1616 2433 mog-

865 2438 1095 2474 licherweise
1130 2440 1224 2473 auch
1251 2438 1388 2473 andere
1415 2437 1612 2472 Flamines.

914 2490 947 2520 5.
974 2498 1014 2522 ea
1049 2486 1209 2532 meritos]
1249 2485 1405 2531 Subjekt
1437 2486 1501 2519 des
1529 2487 1613 2519 Acc.

867 2545 896 2570 c.
929 2533 1013 2579 Inf.‚
1048 2534 1182 2569 ‘Lente
1223 2533 1292 2568 mit
1332 2533 1484 2568 solchen
1522 2531 1614 2566 Ver-

870 2582 1067 2617 diensten'.

916 2630 1041 2672 furore
1067 2627 1204 2674 lapsos]
1244 2639 1311 2663 aus
1348 2626 1616 2671 Verblendung

869 2676 1052 2711 abirrend.

918 2724 1057 2770 locata]
1118 2722 1358 2769 ‘angelegt’,

869 2771 1032 2816 Kapital.

915 2819 1016 2863 apud
1041 2822 1113 2853 tam
1138 2818 1277 2863 gratos]
1306 2834 1349 2846 =
1376 2816 1477 2862 apud
1496 2826 1613 2861 popu-

868 2866 942 2901 lum
969 2870 1043 2901 tam
1069 2869 1222 2910 qratum.

1423 2721 1492 2756 wie
1555 2720 1614 2755 ein
