1794 3084
85 139 114 158 a.
136 132 186 158 ch.
207 139 235 157 n.
255 131 317 157 326.
336 131 397 156 325.
627 119 771 155 LIBER
800 119 896 155 VIII.
942 119 1045 156 CAP.
1067 123 1123 156 29.
1604 122 1660 162 65

89 229 225 272 Marsi
263 229 547 284 Paelignique
586 232 628 269 et
669 227 921 282 Marrucini3
957 251 1007 257 —
1056 242 1181 282 quos,
1221 229 1255 270 si
1288 228 1496 270 Vestinus
1529 229 1659 271 attin-

89 291 276 344 geretur,
303 302 452 329 omnes
472 287 694 329 habendos
721 287 882 329 hostes.
914 287 1017 329 vicit
1036 290 1182 329 tamen
1202 302 1316 342 pars,
1343 302 1452 343 quae
1472 288 1516 329 in
1536 302 1659 343 prae-
1687 298 1706 329 5

93 347 233 389 sentia
264 347 400 388 videri
431 347 574 401 potuit
604 346 779 388 maioris
814 346 944 387 animi
984 360 1111 400 quam
1146 347 1334 401 consilii;
1375 347 1448 388 sed
1481 350 1660 389 eventus

91 406 239 449 docuit
270 406 405 448 fortes
438 406 660 447 fortunam
693 405 852 447 iuvare.
914 405 1074 446 bellum
1113 420 1164 447 ex
1197 405 1453 448 auctoritate
1484 409 1659 461 patrum
1689 417 1709 447 6

89 465 278 521 populus
305 465 508 507 adversus
535 464 740 506 Vestinos
766 463 904 505 iussit.
942 465 1166 518 provincia
1193 479 1243 506 ea
1263 464 1413 520 Bruto,
1439 463 1661 507 Samnium

89 523 278 567 Camillo
313 526 428 566 sorte
462 524 614 565 evenit.
678 523 887 565 exercitus
930 525 1112 577 utroque
1152 523 1286 578 ducti,
1326 528 1369 566 et
1407 538 1508 566 cura
1539 527 1661 566 tuen·
1689 533 1707 564 7

90 583 244 625 dorum
277 583 426 624 finium
458 581 606 624 hostes
640 582 848 636 prohibiti
881 582 1140 636 coniungere
1174 597 1304 624 arma.

212 640 416 683 Ceterum
447 642 633 682 alterum
677 640 898 682 consulem
930 640 976 681 L.
1009 640 1203 691 Furium,
1244 642 1311 683 cui
1350 642 1488 684 maior
1525 642 1662 684 moles
1689 651 1709 682 8

89 715 232 742 rerum
268 699 476 756 imposita
514 703 626 753 erat,
670 700 822 741 morbo
867 699 990 754 gravi
1034 700 1292 754 implicitum
1332 700 1508 742 fortuna
1546 701 1662 744 bello

90 759 327 813 subtraxit3
361 760 588 813 iussusque
615 758 869 800 dictatorem
898 758 1036 800 dicere
1062 760 1124 800 rei
1152 760 1362 814 gerendae
1384 774 1515 801 causa
1533 761 1663 815 longe
1689 770 1709 800 9

89 818 382 861 clarissimum
415 818 531 859 bello
567 832 617 859 ea
648 819 906 872 tempestate
939 817 1058 868 dixit,
1091 817 1136 860 L.
1162 818 1387 873 Papirium
1420 817 1663 874 Cursorem,

86 892 115 919 a
153 891 237 932 quo
274 875 322 926 Q.
360 876 520 918 Fabius
566 876 781 918 Maximus
826 875 1054 918 Rullianus
1100 878 1309 933 magister
1361 878 1553 933 equitum
1599 882 1664 920 est

87 936 252 978 dictus:
284 950 364 990 par
384 936 531 977 nobile
550 936 678 977 rebus
698 935 745 977 in
765 950 814 977 eo
835 936 1094 991 magistratu
1116 937 1483 992 gestis,discordia
1502 939 1662 994 tamen,
1692 947 1734 977 10

88 1009 173 1051 qua
204 1008 339 1049 prope
374 995 425 1036 ad
459 994 657 1036 ultimum
696 994 984 1036 dimicationis
1018 998 1194 1037 ventum
1227 999 1303 1050 est,
1334 996 1536 1038 nobilius.

210 1054 276 1096 Ab
310 1054 447 1095 altero
488 1054 662 1095 consule
694 1054 739 1094 in
775 1052 964 1095 Vestinis
1005 1054 1235 1109 multiplex
1276 1055 1437 1097 bellum
1476 1069 1555 1097 nec
1594 1070 1662 1097 us·
1691 1064 1732 1094 11

88 1127 218 1168 quam
250 1113 372 1154 vario
405 1115 561 1154 eventu
595 1115 767 1167 gestum
801 1115 877 1155 est.
938 1127 1038 1154 nam
1080 1116 1123 1154 et
1154 1114 1424 1168 pervastavit
1457 1128 1584 1169 agros
1619 1117 1662 1157 et

87 1171 337 1226 populando
378 1174 508 1226 atque
546 1171 708 1213 urendo
750 1174 867 1214 tecta
904 1171 1098 1213 hostium
1138 1175 1316 1228 sataque
1355 1174 1400 1214 in
1433 1174 1569 1215 aciem
1602 1174 1663 1216 in-

88 1232 202 1273 vitos
230 1231 435 1285 extraxit,
470 1233 513 1272 et
538 1231 600 1272 ita
625 1231 792 1285 proelio
819 1245 904 1272 uno
933 1231 1087 1273 accidit
1112 1231 1393 1274 Vestinorum
1419 1246 1498 1287 reS,
1531 1232 1662 1274 haud·
1692 1240 1733 1271 12

89 1303 309 1344 quaquam
343 1294 491 1330 tamen
524 1290 748 1332 incruento
782 1290 918 1331 milite
953 1304 1048 1344 suo,
1082 1293 1131 1332 ut
1156 1306 1243 1333 non
1268 1292 1314 1333 in
1345 1294 1489 1333 castra
1523 1292 1662 1333 solum

88 1348 342 1404 refugerent
375 1348 538 1404 hostes,
571 1349 643 1390 sed
674 1349 763 1390 iam
794 1363 847 1390 ne
880 1349 993 1390 vallo
1021 1349 1194 1404 quidem
1228 1365 1276 1392 ac
1308 1350 1437 1392 fossis
1470 1350 1569 1392 freti
1604 1351 1663 1392 di-

89 1407 337 1449 laberentur
370 1408 416 1448 in
449 1408 625 1462 oppida,
664 1409 751 1450 situ
792 1408 964 1450 urbium
1006 1409 1315 1464 moenibusque
1354 1424 1398 1450 se
1433 1409 1662 1451 defensuri.

90 1469 308 1521 postremo
342 1466 501 1522 oppida
534 1481 700 1522 quoque
733 1467 776 1508 vi
804 1481 1051 1522 expugnare
1084 1468 1259 1510 adortus
1294 1469 1434 1522 primo
1462 1467 1662 1511 Cutinam
1692 1477 1734 1507 13

89 1526 260 1580 ingenti
293 1525 446 1567 ardore
479 1525 667 1568 militum
702 1541 725 1567 a
757 1526 984 1568 vulnerum
1017 1527 1098 1580 ira,
1139 1527 1250 1581 quod
1284 1526 1400 1568 haud
1426 1527 1515 1568 fere
1548 1527 1663 1582 quis-

90 1599 221 1639 quam
247 1585 416 1640 integer
442 1585 605 1639 proelio
638 1588 893 1639 excesserat,
925 1586 1052 1627 scalis
1079 1587 1205 1640 cepit,
1239 1586 1389 1627 deinde
1416 1584 1662 1641 Cingiliam.

90 1644 314 1698 utriusque
347 1644 467 1684 urbis
500 1643 704 1698 praedam
737 1643 959 1699 militibus,
991 1644 1104 1698 quod
1138 1659 1209 1686 eos
1242 1659 1382 1700 neque
1407 1648 1558 1699 portae
1584 1660 1663 1688 nec
1692 1653 1735 1685 14

91 1702 203 1744 muri
234 1702 423 1744 hostium
456 1705 695 1757 arcuerant,
729 1703 954 1744 concessit.

139 1863 227 1899 quos
247 1881 255 1889 .
281 1881 288 1888 .
317 1881 324 1888 .
351 1854 481 1899 hostes]
516 1853 599 1888 eine
626 1853 842 1898 abhangige

93 1901 208 1944 Rede,
247 1911 351 1934 wozu
390 1911 455 1934 aus
489 1902 654 1935 timerent
692 1901 752 1935 ein
787 1912 842 1935 re-

95 1947 293 1993 gierendes
308 1947 408 1981 Verb
423 1948 641 1992 (eredebant,
661 1948 842 1992 dicebant)

94 2007 139 2029 zu
166 1998 349 2040 erganzen
375 1995 435 2029 ist.

146 2042 402 2088 attinyerecur]
442 2041 571 2077 Passiv
604 2053 647 2076 zu
681 2043 844 2087 aqyrecli,

95 2089 252 2125 adoriri.

143 2140 175 2172 5.
200 2137 325 2181 fortes]
355 2136 600 2181 Sprichwort:
632 2137 743 2179 fortes
768 2136 841 2179 for-

93 2187 188 2219 tuna
212 2185 315 2219 iuvat
343 2183 432 2218 oder
458 2184 611 2219 adiuvat
638 2182 841 2229 (34‚37,4).

93 2230 179 2276 Vgl.
213 2231 323 2276 Verg.
358 2233 448 2265 Aen.
484 2235 544 2274 10,
566 2234 635 2265 284
670 2231 844 2266 audentes

95 2279 251 2321 forttma
276 2279 391 2313 iuvat.

143 2328 176 2359 8.
203 2326 279 2360 cui.
297 2353 303 2360 .
320 2326 430 2370 erat]
452 2325 578 2359 indem
593 2324 653 2359 die
671 2323 844 2360 Vestiner

95 2383 169 2407 von
202 2372 308 2407 ihren
339 2371 543 2407 Nachbarn
576 2371 682 2407 nicht
718 2373 842 2406 unter-

97 2421 213 2454 stfitzt
237 2418 409 2463 wurden‚
442 2419 512 2454 wie
538 2430 626 2454 man
654 2421 694 2463 (ξ
715 2421 756 2463 4>
782 2429 843 2463 ge-

96 2466 265 2501 ft‘irchtet
290 2465 406 2501 hatte.

145 2517 177 2548 9.
205 2513 447 2548 clarissimum
468 2513 573 2558 bello]
600 2512 690 2547 Dies
717 2512 844 2547 wurde

98 2560 140 2595 L.
162 2559 331 2605 Papirius
353 2559 487 2595 Cursor
513 2565 589 2595 erst
616 2560 751 2605 spitter.
795 2560 845 2594 Er

98 2607 204 2642 hatte
233 2607 358 2642 bishcr
384 2607 440 2642 als
466 2606 844 2652 Reiteroberst(Kap.

101 2657 156 2697 12,
177 2655 213 2699 2)
238 2654 314 2689 und
340 2653 481 2690 Konsul
509 2655 566 2698 (zu
592 2654 684 2698 Kap.
710 2658 764 2699 17,
787 2657 844 2700 12)

98 2701 210 2737 keine
220 2702 478 2737 bedeutenden
488 2701 753 2746 Kriegsthaten
761 2712 844 2737 aus-

99 2748 260 2793 geffihrt.

146 2806 189 2830 ea
213 2796 433 2841 tempestate]
462 2795 546 2839 Vgl.
568 2795 660 2840 Kap.
684 2799 717 2839 8,
740 2799 795 2830 14.

148 2842 190 2887 Q.
211 2843 373 2889 Fabius]
408 2843 457 2877 Er
489 2853 566 2876 war
599 2843 705 2877 sechs
731 2842 844 2878 Jahre

98 2889 233 2925 vorher
251 2889 340 2924 Adil
358 2890 466 2935 (Kap.
484 2894 538 2935 18,
553 2892 607 2934 4);
634 2900 673 2924 es
701 2890 752 2924 ist
779 2890 845 2924 der

172 2955 239 2980 Liv.
259 2956 292 2982 B.
309 2956 334 2981 8.

917 1853 1134 1888 Grossvater
1168 1853 1233 1888 des
1274 1853 1413 1888 Fabius
1448 1853 1662 1889 Cunctator.

918 1901 1018 1936 Statt
1032 1900 1238 1936 Rullianus
1253 1901 1343 1936 wird
1363 1912 1403 1936 er
1417 1902 1511 1936 auch
1527 1901 1664 1937 Rullus

916 1949 1083 1993 genannt
1108 1947 1186 1993 (24,
1204 1952 1236 1992 9,
1252 1951 1290 1992 83
1317 1948 1381 1994 30,
1398 1952 1456 1992 26,
1472 1951 1519 1991 8).

967 2001 1162 2036 lomobile.
1179 2029 1186 2037 .
1204 2001 1396 2047 mobilius]
1417 2001 1609 2037 beriihmt.
1626 2031 1633 2038 .
1650 2030 1657 2038 .

916 2048 1012 2082 noch
1039 2048 1267 2083 beriihmter.

966 2104 1019 2136 11.
1045 2099 1145 2147 scita]
1174 2118 1218 2130 =
1243 2104 1371 2147 seqetes
1396 2101 1450 2148 (6,
1466 2105 1522 2145 31,
1539 2103 1584 2146 8).

918 2155 1224 2236 ll121.2c1cc:idit.
1259 2183 1266 2191 .
1301 2183 1308 2190 .
1342 2155 1413 2201 res]
1454 2154 1539 2200 Vgl.
1571 2155 1663 2199 Kap.

966 2259 1020 2289 13.
1049 2255 1213 2301 adm-tus]
1237 2255 1358 2290 selten
1375 2255 1445 2290 mit
1458 2254 1543 2289 dem
1559 2254 1664 2290 Infin.

918 2301 1132 2337 verbunden
1150 2302 1326 2348 (3,44,4)‚
1354 2301 1584 2337 namentlich
1597 2302 1667 2337 mit

917 2359 1129 2395 oppuynare
1154 2349 1214 2395 (2,
1229 2353 1287 2393 62,
1309 2354 1347 2393 13
1374 2350 1492 2396 6‚2,8
1520 2362 1554 2385 u.
1582 2352 1614 2393 8,
1633 2354 1665 2385 9.

919 2396 1014 2441 Nep.
1037 2395 1166 2432 Thras.
1188 2401 1221 2441 2,
1242 2398 1288 2441 5).

966 2467 990 2490 a
1014 2456 1206 2491 vulnerum
1238 2456 1315 2502 ira]
1351 2455 1478 2490 Grund
1512 2456 1576 2490 des
1610 2455 1666 2490 in-

917 2513 1003 2548 qens
1029 2504 1150 2538 ardor.
1208 2502 1289 2549 Vgl.
1311 2503 1404 2548 Καρ.
1428 2505 1459 2546 7,
1481 2505 1537 2538 21.

968 2565 1022 2596 14.
1049 2562 1235 2608 concessit]
1252 2561 1325 2596 Der
1336 2561 1515 2595 Feldherr
1527 2561 1665 2606 pflegte

919 2608 1026 2644 einen
1059 2608 1139 2644 Teil
1177 2609 1241 2644 der
1278 2608 1395 2643 Beute
1428 2608 1512 2642 dem
1546 2607 1666 2643 Heere

919 2668 962 2690 zu
988 2656 1216 2690 fiberlassen.
1255 2655 1584 2690 Ausnahmsweise
1611 2665 1665 2689 er-

918 2702 1014 2737 hielt
1028 2703 1093 2738 das
1107 2702 1206 2738 Heer
1220 2702 1357 2738 keinen
1372 2701 1455 2737 Teil
1471 2703 1535 2737 der
1546 2701 1666 2736 Beute

917 2750 1006 2785 oder
1019 2750 1113 2786 auch
1129 2750 1188 2785 die
1203 2761 1320 2795 ganze
1335 2749 1455 2784 Beate*
1467 2748 1519 2794 (4,
1535 2753 1590 2791 53,
1606 2751 1666 2791 103

917 2797 1070 2841 5‚19,8;
1101 2797 1136 2843 7,
1152 2801 1204 2841 16,
1214 2799 1259 2842 3).
1288 2798 1361 2831 Der
1381 2797 1488 2831 Erlos
1509 2796 1568 2830 fiir
1587 2805 1667 2830 ver-

918 2843 1048 2878 kaufte
1073 2843 1420 2889 Kriegsgefangene
1448 2842 1510 2877 fiel
1535 2842 1669 2878 immet

918 2890 984 2925 der
1010 2891 1248 2926 Staatskasse
1277 2903 1332 2925 zu.

1361 2952 1381 2982 5
