<?xml version="1.0" encoding="UTF-8"?>
<!DOCTYPE html PUBLIC "-//W3C//DTD XHTML 1.0 Transitional//EN"
    "http://www.w3.org/TR/xhtml1/DTD/xhtml1-transitional.dtd">
<html xmlns="http://www.w3.org/1999/xhtml" xml:lang="en" lang="en">
 <head>
  <title>
</title>
<meta http-equiv="Content-Type" content="text/html;charset=utf-8" />
  <meta name='ocr-system' content='tesseract 3.04.00' />
  <meta name='ocr-capabilities' content='ocr_page ocr_carea ocr_par ocr_line ocrx_word'/>
</head>
<body>
  <div class='ocr_page' id='page_1' title='image "./aburbeconditali00livyuoft_0372.png"; bbox 0 0 1794 3084; ppageno 0'>
   <div class='ocr_carea' id='block_1_1' title="bbox 136 356 155 386">
    <p class='ocr_par' dir='ltr' id='par_1_1' title="bbox 136 356 155 386">
     <span class='ocr_line' id='line_1_1' title="bbox 136 356 155 386; textangle 90"><span class='ocrx_word' id='word_1_1' title='bbox 136 356 155 386; x_wconf 69' lang='grc' dir='ltr'>[θ</span> 
     </span>
    </p>
   </div>
   <div class='ocr_carea' id='block_1_2' title="bbox 111 1593 152 1624">
    <p class='ocr_par' dir='ltr' id='par_1_2' title="bbox 111 1593 152 1624">
     <span class='ocr_line' id='line_1_2' title="bbox 111 1593 152 1624; baseline 0.024 -1"><span class='ocrx_word' id='word_1_2' title='bbox 111 1593 152 1624; x_wconf 83' lang='grc'>10</span> 
     </span>
    </p>
   </div>
   <div class='ocr_carea' id='block_1_3' title="bbox 713 115 1738 152">
    <p class='ocr_par' dir='ltr' id='par_1_3' title="bbox 713 115 1738 152">
     <span class='ocr_line' id='line_1_3' title="bbox 713 115 1738 152; baseline 0 -1"><span class='ocrx_word' id='word_1_3' title='bbox 713 116 854 151; x_wconf 78' lang='lat' dir='ltr'>LIBER</span> <span class='ocrx_word' id='word_1_4' title='bbox 881 116 978 151; x_wconf 83' lang='lat' dir='ltr'>vm.</span> <span class='ocrx_word' id='word_1_5' title='bbox 1023 115 1122 152; x_wconf 87' lang='lat' dir='ltr'>CAP.</span> <span class='ocrx_word' id='word_1_6' title='bbox 1151 120 1206 150; x_wconf 83' lang='lat'>21.</span> <span class='ocrx_word' id='word_1_7' title='bbox 1457 132 1483 150; x_wconf 76' lang='lat' dir='ltr'>a.</span> <span class='ocrx_word' id='word_1_8' title='bbox 1507 132 1533 150; x_wconf 87' lang='lat' dir='ltr'>u.</span> <span class='ocrx_word' id='word_1_9' title='bbox 1553 132 1575 151; x_wconf 83' lang='lat' dir='ltr'>c.</span> <span class='ocrx_word' id='word_1_10' title='bbox 1594 126 1656 152; x_wconf 76' lang='lat'>425.</span> <span class='ocrx_word' id='word_1_11' title='bbox 1674 125 1738 151; x_wconf 80' lang='lat'>426.</span> 
     </span>
    </p>
   </div>
   <div class='ocr_carea' id='block_1_4' title="bbox 178 119 1740 1633">
    <p class='ocr_par' dir='ltr' id='par_1_4' title="bbox 180 119 1739 915">
     <span class='ocr_line' id='line_1_4' title="bbox 180 119 237 161; baseline 0.018 -1"><span class='ocrx_word' id='word_1_12' title='bbox 180 119 237 161; x_wconf 80' lang='lat'>50</span> 
     </span>
     <span class='ocr_line' id='line_1_5' title="bbox 181 223 1738 282; baseline -0.003 -14"><span class='ocrx_word' id='word_1_13' title='bbox 181 227 354 282; x_wconf 86' lang='lat' dir='ltr'>genium</span> <span class='ocrx_word' id='word_1_14' title='bbox 376 228 478 278; x_wconf 80' lang='lat' dir='ltr'>erat,</span> <span class='ocrx_word' id='word_1_15' title='bbox 499 225 685 267; x_wconf 84' lang='lat' dir='ltr'>atrocius</span> <span class='ocrx_word' id='word_1_16' title='bbox 708 223 906 265; x_wconf 85' lang='lat' dir='ltr'>mitiusve</span> <span class='ocrx_word' id='word_1_17' title='bbox 928 223 1217 278; x_wconf 70' lang='lat' dir='ltr'>suadentibus,</span> <span class='ocrx_word' id='word_1_18' title='bbox 1235 226 1328 265; x_wconf 87' lang='lat' dir='ltr'>tum</span> <span class='ocrx_word' id='word_1_19' title='bbox 1348 223 1578 266; x_wconf 72' lang='lat' dir='ltr'>incertiora</span> <span class='ocrx_word' id='word_1_20' title='bbox 1593 223 1738 265; x_wconf 85' lang='lat' dir='ltr'>omnia</span> 
     </span>
     <span class='ocr_line' id='line_1_6' title="bbox 182 281 1738 338; baseline -0.003 -11"><span class='ocrx_word' id='word_1_21' title='bbox 182 301 289 327; x_wconf 86' lang='lat' dir='ltr'>unus</span> <span class='ocrx_word' id='word_1_22' title='bbox 324 300 373 327; x_wconf 82' lang='lat' dir='ltr'>ex</span> <span class='ocrx_word' id='word_1_23' title='bbox 406 283 727 325; x_wconf 87' lang='lat' dir='ltr'>Privernatibus</span> <span class='ocrx_word' id='word_1_24' title='bbox 759 283 913 338; x_wconf 86' lang='lat' dir='ltr'>legatis</span> <span class='ocrx_word' id='word_1_25' title='bbox 946 283 1059 336; x_wconf 89' lang='lat' dir='ltr'>fecit,</span> <span class='ocrx_word' id='word_1_26' title='bbox 1092 283 1230 337; x_wconf 89' lang='lat' dir='ltr'>magis</span> <span class='ocrx_word' id='word_1_27' title='bbox 1262 281 1543 336; x_wconf 87' lang='lat' dir='ltr'>condicionis,</span> <span class='ocrx_word' id='word_1_28' title='bbox 1575 282 1621 323; x_wconf 90' lang='lat' dir='ltr'>in</span> <span class='ocrx_word' id='word_1_29' title='bbox 1654 296 1738 336; x_wconf 84' lang='lat' dir='ltr'>qua</span> 
     </span>
     <span class='ocr_line' id='line_1_7' title="bbox 184 339 1737 397; baseline -0.003 -11"><span class='ocrx_word' id='word_1_30' title='bbox 184 347 308 386; x_wconf 86' lang='lat' dir='ltr'>natus</span> <span class='ocrx_word' id='word_1_31' title='bbox 348 346 478 393; x_wconf 86' lang='lat' dir='ltr'>esset,</span> <span class='ocrx_word' id='word_1_32' title='bbox 517 357 645 397; x_wconf 86' lang='lat' dir='ltr'>quam</span> <span class='ocrx_word' id='word_1_33' title='bbox 684 342 923 396; x_wconf 84' lang='lat' dir='ltr'>praesentis</span> <span class='ocrx_word' id='word_1_34' title='bbox 961 341 1231 383; x_wconf 71' lang='lat' dir='ltr'>necessitatis</span> <span class='ocrx_word' id='word_1_35' title='bbox 1270 355 1452 396; x_wconf 89' lang='lat' dir='ltr'>memor,</span> <span class='ocrx_word' id='word_1_36' title='bbox 1497 340 1570 396; x_wconf 90' lang='lat' dir='ltr'>qui</span> <span class='ocrx_word' id='word_1_37' title='bbox 1606 339 1737 381; x_wconf 90' lang='lat' dir='ltr'>inter-</span> 
     </span>
     <span class='ocr_line' id='line_1_8' title="bbox 184 401 1737 458; baseline -0.002 -14"><span class='ocrx_word' id='word_1_38' title='bbox 184 405 363 458; x_wconf 83' lang='lat' dir='ltr'>rogatus</span> <span class='ocrx_word' id='word_1_39' title='bbox 397 417 421 443; x_wconf 87' lang='lat' dir='ltr'>a</span> <span class='ocrx_word' id='word_1_40' title='bbox 454 401 641 455; x_wconf 82' lang='lat' dir='ltr'>quodam</span> <span class='ocrx_word' id='word_1_41' title='bbox 671 401 877 442; x_wconf 70' lang='lat' dir='ltr'>tristioris</span> <span class='ocrx_word' id='word_1_42' title='bbox 911 401 1148 441; x_wconf 84' lang='lat' dir='ltr'>sententiae</span> <span class='ocrx_word' id='word_1_43' title='bbox 1181 402 1366 454; x_wconf 86' lang='lat' dir='ltr'>auctore,</span> <span class='ocrx_word' id='word_1_44' title='bbox 1399 414 1528 454; x_wconf 88' lang='lat' dir='ltr'>quam</span> <span class='ocrx_word' id='word_1_45' title='bbox 1553 413 1737 454; x_wconf 85' lang='lat' dir='ltr'>poenam</span> 
     </span>
     <span class='ocr_line' id='line_1_9' title="bbox 186 458 1737 514; baseline -0.003 -11"><span class='ocrx_word' id='word_1_46' title='bbox 186 462 361 504; x_wconf 85' lang='lat' dir='ltr'>meritos</span> <span class='ocrx_word' id='word_1_47' title='bbox 394 459 664 502; x_wconf 85' lang='lat' dir='ltr'>Privernates</span> <span class='ocrx_word' id='word_1_48' title='bbox 698 462 907 513; x_wconf 86' lang='lat' dir='ltr'>censeret,</span> <span class='ocrx_word' id='word_1_49' title='bbox 946 458 1093 500; x_wconf 68' lang='lat' dir='ltr'>‘Eam&#39;</span> <span class='ocrx_word' id='word_1_50' title='bbox 1127 459 1285 514; x_wconf 89' lang='lat' dir='ltr'>inquit,</span> <span class='ocrx_word' id='word_1_51' title='bbox 1324 458 1475 514; x_wconf 66' lang='lat' dir='ltr'>‘quam</span> <span class='ocrx_word' id='word_1_52' title='bbox 1507 460 1737 512; x_wconf 91' lang='lat' dir='ltr'>merentur,</span> 
     </span>
     <span class='ocr_line' id='line_1_10' title="bbox 183 517 1739 575; baseline -0.003 -14"><span class='ocrx_word' id='word_1_53' title='bbox 183 521 255 575; x_wconf 85' lang='lat' dir='ltr'>qui</span> <span class='ocrx_word' id='word_1_54' title='bbox 290 535 333 561; x_wconf 88' lang='lat' dir='ltr'>se</span> <span class='ocrx_word' id='word_1_55' title='bbox 372 520 572 561; x_wconf 85' lang='lat' dir='ltr'>libertate</span> <span class='ocrx_word' id='word_1_56' title='bbox 611 519 763 572; x_wconf 88' lang='lat' dir='ltr'>dignos</span> <span class='ocrx_word' id='word_1_57' title='bbox 803 517 1005 560; x_wconf 87' lang='lat' dir='ltr'>censent&#39;.</span> <span class='ocrx_word' id='word_1_58' title='bbox 1068 518 1187 560; x_wconf 89' lang='lat' dir='ltr'>cuius</span> <span class='ocrx_word' id='word_1_59' title='bbox 1226 532 1322 559; x_wconf 88' lang='lat' dir='ltr'>cum</span> <span class='ocrx_word' id='word_1_60' title='bbox 1358 517 1492 559; x_wconf 85' lang='lat' dir='ltr'>feroci</span> <span class='ocrx_word' id='word_1_61' title='bbox 1530 530 1739 571; x_wconf 88' lang='lat' dir='ltr'>responso</span> 
     </span>
     <span class='ocr_line' id='line_1_11' title="bbox 181 575 1737 632; baseline -0.002 -12"><span class='ocrx_word' id='word_1_62' title='bbox 181 579 425 621; x_wconf 73' lang='lat' dir='ltr'>infestiores</span> <span class='ocrx_word' id='word_1_63' title='bbox 464 578 602 620; x_wconf 85' lang='lat' dir='ltr'>factos</span> <span class='ocrx_word' id='word_1_64' title='bbox 642 578 805 619; x_wconf 87' lang='lat' dir='ltr'>videret</span> <span class='ocrx_word' id='word_1_65' title='bbox 843 577 992 619; x_wconf 86' lang='lat' dir='ltr'>consul</span> <span class='ocrx_word' id='word_1_66' title='bbox 1031 591 1122 631; x_wconf 87' lang='lat' dir='ltr'>eos,</span> <span class='ocrx_word' id='word_1_67' title='bbox 1167 577 1240 632; x_wconf 90' lang='lat' dir='ltr'>qui</span> <span class='ocrx_word' id='word_1_68' title='bbox 1279 579 1377 618; x_wconf 85' lang='lat' dir='ltr'>ante</span> <span class='ocrx_word' id='word_1_69' title='bbox 1416 575 1737 618; x_wconf 85' lang='lat' dir='ltr'>Privernatium</span> 
     </span>
     <span class='ocr_line' id='line_1_12' title="bbox 182 634 1738 692; baseline -0.003 -13"><span class='ocrx_word' id='word_1_70' title='bbox 182 652 354 680; x_wconf 89' lang='lat' dir='ltr'>causam</span> <span class='ocrx_word' id='word_1_71' title='bbox 392 637 726 692; x_wconf 73' lang='lat' dir='ltr'>impugnabant,</span> <span class='ocrx_word' id='word_1_72' title='bbox 770 638 816 677; x_wconf 91' lang='lat' dir='ltr'>ut</span> <span class='ocrx_word' id='word_1_73' title='bbox 855 636 946 691; x_wconf 88' lang='lat' dir='ltr'>ipse</span> <span class='ocrx_word' id='word_1_74' title='bbox 984 636 1171 691; x_wconf 85' lang='lat' dir='ltr'>benigna</span> <span class='ocrx_word' id='word_1_75' title='bbox 1208 635 1545 690; x_wconf 80' lang='lat' dir='ltr'>interrogatione</span> <span class='ocrx_word' id='word_1_76' title='bbox 1589 634 1738 675; x_wconf 88' lang='lat' dir='ltr'>mitius</span> 
     </span>
     <span class='ocr_line' id='line_1_13' title="bbox 182 692 1736 751; baseline -0.003 -13"><span class='ocrx_word' id='word_1_77' title='bbox 182 711 434 751; x_wconf 86' lang='lat' dir='ltr'>responsum</span> <span class='ocrx_word' id='word_1_78' title='bbox 474 696 663 750; x_wconf 83' lang='lat' dir='ltr'>eliceret,</span> <span class='ocrx_word' id='word_1_79' title='bbox 711 694 874 744; x_wconf 73' lang='lat' dir='ltr'>‘Quid‘P</span> <span class='ocrx_word' id='word_1_80' title='bbox 926 695 961 736; x_wconf 89' lang='lat' dir='ltr'>si</span> <span class='ocrx_word' id='word_1_81' title='bbox 1006 693 1212 750; x_wconf 85' lang='lat' dir='ltr'>poenam&#39;</span> <span class='ocrx_word' id='word_1_82' title='bbox 1261 695 1403 749; x_wconf 89' lang='lat' dir='ltr'>inquit</span> <span class='ocrx_word' id='word_1_83' title='bbox 1453 692 1736 735; x_wconf 72' lang='lat' dir='ltr'>‘remittimus</span> 
     </span>
     <span class='ocr_line' id='line_1_14' title="bbox 182 749 1734 810; baseline -0.003 -13"><span class='ocrx_word' id='word_1_84' title='bbox 182 756 321 809; x_wconf 85' lang='lat' dir='ltr'>vobis,</span> <span class='ocrx_word' id='word_1_85' title='bbox 354 756 522 810; x_wconf 87' lang='lat' dir='ltr'>qualem</span> <span class='ocrx_word' id='word_1_86' title='bbox 554 769 633 796; x_wconf 92' lang='lat' dir='ltr'>nos</span> <span class='ocrx_word' id='word_1_87' title='bbox 665 768 815 808; x_wconf 87' lang='lat' dir='ltr'>pacem</span> <span class='ocrx_word' id='word_1_88' title='bbox 848 754 1067 795; x_wconf 88' lang='lat' dir='ltr'>vobiscum</span> <span class='ocrx_word' id='word_1_89' title='bbox 1100 754 1324 795; x_wconf 85' lang='lat' dir='ltr'>habituros</span> <span class='ocrx_word' id='word_1_90' title='bbox 1359 751 1629 808; x_wconf 79' lang='lat' dir='ltr'>speremus?&#39;</span> <span class='ocrx_word' id='word_1_91' title='bbox 1664 749 1734 792; x_wconf 75' lang='lat' dir='ltr'>‘Si</span> 
     </span>
     <span class='ocr_line' id='line_1_15' title="bbox 181 811 1739 867; baseline -0.003 -11"><span class='ocrx_word' id='word_1_92' title='bbox 181 815 339 857; x_wconf 81' lang='lat' dir='ltr'>bonam</span> <span class='ocrx_word' id='word_1_93' title='bbox 380 812 602 856; x_wconf 85' lang='lat' dir='ltr'>dederitis&#39;</span> <span class='ocrx_word' id='word_1_94' title='bbox 636 813 792 867; x_wconf 91' lang='lat' dir='ltr'>inquit,</span> <span class='ocrx_word' id='word_1_95' title='bbox 830 812 895 854; x_wconf 76' lang='lat' dir='ltr'>‘et</span> <span class='ocrx_word' id='word_1_96' title='bbox 931 813 1062 854; x_wconf 90' lang='lat' dir='ltr'>fidam</span> <span class='ocrx_word' id='word_1_97' title='bbox 1101 815 1143 853; x_wconf 88' lang='lat' dir='ltr'>et</span> <span class='ocrx_word' id='word_1_98' title='bbox 1180 815 1446 867; x_wconf 83' lang='lat' dir='ltr'>perpetuam3</span> <span class='ocrx_word' id='word_1_99' title='bbox 1492 812 1527 853; x_wconf 89' lang='lat' dir='ltr'>si</span> <span class='ocrx_word' id='word_1_100' title='bbox 1565 811 1739 864; x_wconf 86' lang='lat' dir='ltr'>malam,</span> 
     </span>
     <span class='ocr_line' id='line_1_16' title="bbox 181 871 1323 915; baseline -0.004 0"><span class='ocrx_word' id='word_1_101' title='bbox 181 874 294 915; x_wconf 87' lang='lat' dir='ltr'>haud</span> <span class='ocrx_word' id='word_1_102' title='bbox 327 871 602 915; x_wconf 83' lang='lat' dir='ltr'>diuturnam&#39;.</span> <span class='ocrx_word' id='word_1_103' title='bbox 1322 901 1323 904; x_wconf 19' lang='grc' dir='ltr'>η</span> 
     </span>
    </p>

    <p class='ocr_par' dir='ltr' id='par_1_5' title="bbox 178 928 1740 1399">
     <span class='ocr_line' id='line_1_17' title="bbox 300 928 1740 985; baseline -0.003 -12"><span class='ocrx_word' id='word_1_104' title='bbox 300 933 408 973; x_wconf 88' lang='lat' dir='ltr'>Tum</span> <span class='ocrx_word' id='word_1_105' title='bbox 441 946 541 973; x_wconf 88' lang='lat' dir='ltr'>vero</span> <span class='ocrx_word' id='word_1_106' title='bbox 574 931 748 984; x_wconf 87' lang='lat' dir='ltr'>minari,</span> <span class='ocrx_word' id='word_1_107' title='bbox 788 945 865 972; x_wconf 92' lang='lat' dir='ltr'>nec</span> <span class='ocrx_word' id='word_1_108' title='bbox 896 930 939 972; x_wconf 90' lang='lat' dir='ltr'>id</span> <span class='ocrx_word' id='word_1_109' title='bbox 973 930 1190 985; x_wconf 77' lang='lat' dir='ltr'>ambigue,</span> <span class='ocrx_word' id='word_1_110' title='bbox 1223 929 1518 971; x_wconf 87' lang='lat' dir='ltr'>Privernatem</span> <span class='ocrx_word' id='word_1_111' title='bbox 1550 928 1740 983; x_wconf 86' lang='lat' dir='ltr'>quidam,</span> 
     </span>
     <span class='ocr_line' id='line_1_18' title="bbox 181 988 1736 1043; baseline -0.004 -10"><span class='ocrx_word' id='word_1_112' title='bbox 181 994 223 1033; x_wconf 92' lang='lat' dir='ltr'>et</span> <span class='ocrx_word' id='word_1_113' title='bbox 255 992 342 1033; x_wconf 89' lang='lat' dir='ltr'>illis</span> <span class='ocrx_word' id='word_1_114' title='bbox 375 991 551 1033; x_wconf 87' lang='lat' dir='ltr'>vocibus</span> <span class='ocrx_word' id='word_1_115' title='bbox 586 990 639 1031; x_wconf 88' lang='lat' dir='ltr'>ad</span> <span class='ocrx_word' id='word_1_116' title='bbox 670 989 966 1031; x_wconf 86' lang='lat' dir='ltr'>rebellandum</span> <span class='ocrx_word' id='word_1_117' title='bbox 998 989 1167 1031; x_wconf 88' lang='lat' dir='ltr'>incitari</span> <span class='ocrx_word' id='word_1_118' title='bbox 1199 991 1374 1043; x_wconf 83' lang='lat' dir='ltr'>pacatos</span> <span class='ocrx_word' id='word_1_119' title='bbox 1401 988 1604 1042; x_wconf 80' lang='lat' dir='ltr'>populos3</span> <span class='ocrx_word' id='word_1_120' title='bbox 1636 1001 1736 1041; x_wconf 87' lang='lat' dir='ltr'>pars</span> 
     </span>
     <span class='ocr_line' id='line_1_19' title="bbox 180 1044 1737 1102; baseline -0.004 -10"><span class='ocrx_word' id='word_1_121' title='bbox 180 1051 328 1092; x_wconf 90' lang='lat' dir='ltr'>mitior</span> <span class='ocrx_word' id='word_1_122' title='bbox 356 1052 528 1092; x_wconf 77' lang='lat' dir='ltr'>senatus</span> <span class='ocrx_word' id='word_1_123' title='bbox 555 1049 608 1090; x_wconf 84' lang='lat' dir='ltr'>ad</span> <span class='ocrx_word' id='word_1_124' title='bbox 641 1049 819 1090; x_wconf 83' lang='lat' dir='ltr'>meliora</span> <span class='ocrx_word' id='word_1_125' title='bbox 850 1062 1102 1102; x_wconf 87' lang='lat' dir='ltr'>responsum</span> <span class='ocrx_word' id='word_1_126' title='bbox 1134 1048 1304 1089; x_wconf 85' lang='lat' dir='ltr'>trahere</span> <span class='ocrx_word' id='word_1_127' title='bbox 1337 1049 1380 1089; x_wconf 91' lang='lat' dir='ltr'>et</span> <span class='ocrx_word' id='word_1_128' title='bbox 1412 1046 1550 1088; x_wconf 84' lang='lat' dir='ltr'>dicere</span> <span class='ocrx_word' id='word_1_129' title='bbox 1583 1044 1666 1087; x_wconf 82' lang='lat' dir='ltr'>viri</span> <span class='ocrx_word' id='word_1_130' title='bbox 1694 1047 1737 1086; x_wconf 88' lang='lat' dir='ltr'>et</span> 
     </span>
     <span class='ocr_line' id='line_1_20' title="bbox 181 1104 1736 1162; baseline -0.004 -11"><span class='ocrx_word' id='word_1_131' title='bbox 181 1110 306 1151; x_wconf 88' lang='lat' dir='ltr'>liberi</span> <span class='ocrx_word' id='word_1_132' title='bbox 334 1124 480 1151; x_wconf 87' lang='lat' dir='ltr'>vocem</span> <span class='ocrx_word' id='word_1_133' title='bbox 507 1108 714 1162; x_wconf 82' lang='lat' dir='ltr'>auditam3</span> <span class='ocrx_word' id='word_1_134' title='bbox 748 1122 802 1148; x_wconf 89' lang='lat' dir='ltr'>an</span> <span class='ocrx_word' id='word_1_135' title='bbox 823 1107 936 1148; x_wconf 86' lang='lat' dir='ltr'>credi</span> <span class='ocrx_word' id='word_1_136' title='bbox 955 1121 1082 1161; x_wconf 88' lang='lat' dir='ltr'>posse</span> <span class='ocrx_word' id='word_1_137' title='bbox 1109 1107 1244 1148; x_wconf 87' lang='lat' dir='ltr'>ullum</span> <span class='ocrx_word' id='word_1_138' title='bbox 1272 1107 1477 1161; x_wconf 89' lang='lat' dir='ltr'>populum</span> <span class='ocrx_word' id='word_1_139' title='bbox 1505 1107 1580 1147; x_wconf 86' lang='lat' dir='ltr'>aut</span> <span class='ocrx_word' id='word_1_140' title='bbox 1598 1104 1736 1145; x_wconf 87' lang='lat' dir='ltr'>homi-</span> 
     </span>
     <span class='ocr_line' id='line_1_21' title="bbox 180 1163 1738 1222; baseline -0.004 -12"><span class='ocrx_word' id='word_1_141' title='bbox 180 1183 275 1210; x_wconf 90' lang='lat' dir='ltr'>nem</span> <span class='ocrx_word' id='word_1_142' title='bbox 309 1169 489 1222; x_wconf 89' lang='lat' dir='ltr'>denique</span> <span class='ocrx_word' id='word_1_143' title='bbox 522 1168 566 1209; x_wconf 92' lang='lat' dir='ltr'>in</span> <span class='ocrx_word' id='word_1_144' title='bbox 599 1182 649 1208; x_wconf 86' lang='lat' dir='ltr'>ea</span> <span class='ocrx_word' id='word_1_145' title='bbox 680 1167 950 1217; x_wconf 89' lang='lat' dir='ltr'>condicione,</span> <span class='ocrx_word' id='word_1_146' title='bbox 994 1167 1112 1207; x_wconf 84' lang='lat' dir='ltr'>cuius</span> <span class='ocrx_word' id='word_1_147' title='bbox 1151 1180 1247 1207; x_wconf 90' lang='lat' dir='ltr'>eum</span> <span class='ocrx_word' id='word_1_148' title='bbox 1286 1165 1524 1220; x_wconf 86' lang='lat' dir='ltr'>paeniteat,</span> <span class='ocrx_word' id='word_1_149' title='bbox 1565 1163 1738 1218; x_wconf 73' lang='lat' dir='ltr'>diutius,</span> 
     </span>
     <span class='ocr_line' id='line_1_22' title="bbox 182 1221 1738 1282; baseline -0.004 -13"><span class='ocrx_word' id='word_1_150' title='bbox 182 1242 309 1282; x_wconf 85' lang='lat' dir='ltr'>quam</span> <span class='ocrx_word' id='word_1_151' title='bbox 342 1241 513 1268; x_wconf 88' lang='lat' dir='ltr'>necesse</span> <span class='ocrx_word' id='word_1_152' title='bbox 548 1227 622 1279; x_wconf 87' lang='lat' dir='ltr'>sit,</span> <span class='ocrx_word' id='word_1_153' title='bbox 655 1225 932 1267; x_wconf 77' lang='lat' dir='ltr'>mansurum?</span> <span class='ocrx_word' id='word_1_154' title='bbox 976 1225 1038 1266; x_wconf 91' lang='lat' dir='ltr'>ibi</span> <span class='ocrx_word' id='word_1_155' title='bbox 1070 1239 1219 1279; x_wconf 85' lang='lat' dir='ltr'>pacem</span> <span class='ocrx_word' id='word_1_156' title='bbox 1252 1239 1344 1266; x_wconf 90' lang='lat' dir='ltr'>esse</span> <span class='ocrx_word' id='word_1_157' title='bbox 1376 1224 1524 1277; x_wconf 88' lang='lat' dir='ltr'>fidam,</span> <span class='ocrx_word' id='word_1_158' title='bbox 1561 1221 1636 1263; x_wconf 88' lang='lat' dir='ltr'>ubi</span> <span class='ocrx_word' id='word_1_159' title='bbox 1667 1236 1738 1264; x_wconf 81' lang='lat' dir='ltr'>vo-</span> 
     </span>
     <span class='ocr_line' id='line_1_23' title="bbox 178 1281 1739 1340; baseline -0.004 -13"><span class='ocrx_word' id='word_1_160' title='bbox 178 1286 356 1327; x_wconf 86' lang='lat' dir='ltr'>luntarii</span> <span class='ocrx_word' id='word_1_161' title='bbox 388 1286 531 1340; x_wconf 85' lang='lat' dir='ltr'>pacati</span> <span class='ocrx_word' id='word_1_162' title='bbox 565 1285 667 1338; x_wconf 78' lang='lat' dir='ltr'>sint3</span> <span class='ocrx_word' id='word_1_163' title='bbox 699 1299 834 1338; x_wconf 89' lang='lat' dir='ltr'>neque</span> <span class='ocrx_word' id='word_1_164' title='bbox 868 1299 916 1326; x_wconf 95' lang='lat' dir='ltr'>eo</span> <span class='ocrx_word' id='word_1_165' title='bbox 948 1285 1062 1335; x_wconf 87' lang='lat' dir='ltr'>loco,</span> <span class='ocrx_word' id='word_1_166' title='bbox 1095 1284 1168 1325; x_wconf 91' lang='lat' dir='ltr'>ubi</span> <span class='ocrx_word' id='word_1_167' title='bbox 1200 1284 1452 1326; x_wconf 85' lang='lat' dir='ltr'>servitutem</span> <span class='ocrx_word' id='word_1_168' title='bbox 1479 1296 1571 1324; x_wconf 85' lang='lat' dir='ltr'>esse</span> <span class='ocrx_word' id='word_1_169' title='bbox 1597 1281 1739 1334; x_wconf 86' lang='lat' dir='ltr'>velint,</span> 
     </span>
     <span class='ocr_line' id='line_1_24' title="bbox 179 1344 728 1399; baseline -0.002 -14"><span class='ocrx_word' id='word_1_170' title='bbox 179 1345 302 1386; x_wconf 88' lang='lat' dir='ltr'>fidem</span> <span class='ocrx_word' id='word_1_171' title='bbox 336 1344 591 1399; x_wconf 85' lang='lat' dir='ltr'>sperandam</span> <span class='ocrx_word' id='word_1_172' title='bbox 624 1357 728 1385; x_wconf 89' lang='lat' dir='ltr'>esse.</span> 
     </span>
    </p>

    <p class='ocr_par' dir='ltr' id='par_1_6' title="bbox 180 1398 1738 1633">
     <span class='ocr_line' id='line_1_25' title="bbox 298 1398 1738 1454; baseline -0.004 -9"><span class='ocrx_word' id='word_1_173' title='bbox 298 1403 350 1445; x_wconf 87' lang='lat' dir='ltr'>In</span> <span class='ocrx_word' id='word_1_174' title='bbox 375 1404 484 1445; x_wconf 85' lang='lat' dir='ltr'>hanc</span> <span class='ocrx_word' id='word_1_175' title='bbox 511 1402 767 1444; x_wconf 82' lang='lat' dir='ltr'>sententiam</span> <span class='ocrx_word' id='word_1_176' title='bbox 800 1401 983 1442; x_wconf 85' lang='lat' dir='ltr'>maxime</span> <span class='ocrx_word' id='word_1_177' title='bbox 1011 1401 1160 1442; x_wconf 89' lang='lat' dir='ltr'>consul</span> <span class='ocrx_word' id='word_1_178' title='bbox 1186 1400 1280 1454; x_wconf 90' lang='lat' dir='ltr'>ipse</span> <span class='ocrx_word' id='word_1_179' title='bbox 1306 1399 1533 1441; x_wconf 90' lang='lat' dir='ltr'>inclinavit</span> <span class='ocrx_word' id='word_1_180' title='bbox 1559 1398 1738 1451; x_wconf 90' lang='lat' dir='ltr'>animos,</span> 
     </span>
     <span class='ocr_line' id='line_1_26' title="bbox 181 1457 1738 1516; baseline -0.004 -12"><span class='ocrx_word' id='word_1_181' title='bbox 181 1462 415 1504; x_wconf 84' lang='lat' dir='ltr'>identidem</span> <span class='ocrx_word' id='word_1_182' title='bbox 448 1462 500 1503; x_wconf 85' lang='lat' dir='ltr'>ad</span> <span class='ocrx_word' id='word_1_183' title='bbox 532 1461 745 1516; x_wconf 82' lang='lat' dir='ltr'>principes</span> <span class='ocrx_word' id='word_1_184' title='bbox 785 1460 1094 1502; x_wconf 80' lang='lat' dir='ltr'>sententiarum</span> <span class='ocrx_word' id='word_1_185' title='bbox 1134 1459 1399 1509; x_wconf 83' lang='lat' dir='ltr'>consulares,</span> <span class='ocrx_word' id='word_1_186' title='bbox 1441 1458 1503 1499; x_wconf 89' lang='lat' dir='ltr'>uti</span> <span class='ocrx_word' id='word_1_187' title='bbox 1546 1457 1738 1499; x_wconf 84' lang='lat' dir='ltr'>exaudiri</span> 
     </span>
     <span class='ocr_line' id='line_1_27' title="bbox 180 1517 1737 1576; baseline -0.004 -13"><span class='ocrx_word' id='word_1_188' title='bbox 180 1525 326 1575; x_wconf 88' lang='lat' dir='ltr'>posset</span> <span class='ocrx_word' id='word_1_189' title='bbox 353 1537 376 1562; x_wconf 87' lang='lat' dir='ltr'>a</span> <span class='ocrx_word' id='word_1_190' title='bbox 402 1520 608 1576; x_wconf 87' lang='lat' dir='ltr'>pluribus,</span> <span class='ocrx_word' id='word_1_191' title='bbox 641 1519 818 1560; x_wconf 88' lang='lat' dir='ltr'>dicendo</span> <span class='ocrx_word' id='word_1_192' title='bbox 846 1534 918 1561; x_wconf 92' lang='lat' dir='ltr'>eos</span> <span class='ocrx_word' id='word_1_193' title='bbox 946 1519 1134 1572; x_wconf 88' lang='lat' dir='ltr'>demum,</span> <span class='ocrx_word' id='word_1_194' title='bbox 1178 1518 1250 1572; x_wconf 91' lang='lat' dir='ltr'>qui</span> <span class='ocrx_word' id='word_1_195' title='bbox 1287 1517 1395 1558; x_wconf 87' lang='lat' dir='ltr'>nihil</span> <span class='ocrx_word' id='word_1_196' title='bbox 1434 1519 1737 1571; x_wconf 88' lang='lat' dir='ltr'>praeterquam</span> 
     </span>
     <span class='ocr_line' id='line_1_28' title="bbox 181 1575 1736 1633; baseline -0.005 -11"><span class='ocrx_word' id='word_1_197' title='bbox 181 1580 229 1621; x_wconf 90' lang='lat' dir='ltr'>de</span> <span class='ocrx_word' id='word_1_198' title='bbox 263 1581 461 1622; x_wconf 87' lang='lat' dir='ltr'>libertate</span> <span class='ocrx_word' id='word_1_199' title='bbox 494 1579 705 1633; x_wconf 83' lang='lat' dir='ltr'>cogitent,</span> <span class='ocrx_word' id='word_1_200' title='bbox 745 1578 897 1633; x_wconf 88' lang='lat' dir='ltr'>dignos</span> <span class='ocrx_word' id='word_1_201' title='bbox 937 1592 1048 1631; x_wconf 91' lang='lat' dir='ltr'>esse,</span> <span class='ocrx_word' id='word_1_202' title='bbox 1086 1578 1157 1631; x_wconf 82' lang='lat' dir='ltr'>qui</span> <span class='ocrx_word' id='word_1_203' title='bbox 1191 1576 1377 1617; x_wconf 89' lang='lat' dir='ltr'>Romani</span> <span class='ocrx_word' id='word_1_204' title='bbox 1408 1575 1527 1617; x_wconf 90' lang='lat' dir='ltr'>fiant.</span> <span class='ocrx_word' id='word_1_205' title='bbox 1590 1575 1736 1629; x_wconf 88' lang='lat' dir='ltr'>itaque</span> 
     </span>
    </p>
   </div>
   <div class='ocr_carea' id='block_1_5' title="bbox 177 1728 922 2151">
    <p class='ocr_par' dir='ltr' id='par_1_7' title="bbox 179 1728 921 1813">
     <span class='ocr_line' id='line_1_29' title="bbox 225 1728 921 1776; baseline -0.004 -10"><span class='ocrx_word' id='word_1_206' title='bbox 225 1731 478 1776; x_wconf 76' lang='lat' dir='ltr'>suadentibus]</span> <span class='ocrx_word' id='word_1_207' title='bbox 501 1740 549 1764; x_wconf 87' lang='lat' dir='ltr'>sc.</span> <span class='ocrx_word' id='word_1_208' title='bbox 570 1730 810 1773; x_wconf 69' lang='lat' dir='ltr'>senatoribus,</span> <span class='ocrx_word' id='word_1_209' title='bbox 836 1728 921 1764; x_wconf 90' lang='lat' dir='ltr'>Abl.</span> 
     </span>
     <span class='ocr_line' id='line_1_30' title="bbox 179 1777 672 1813; baseline -0.004 0"><span class='ocrx_word' id='word_1_210' title='bbox 179 1777 294 1813; x_wconf 83' lang='lat' dir='ltr'>absol.</span> <span class='ocrx_word' id='word_1_211' title='bbox 321 1779 359 1812; x_wconf 89' lang='lat' dir='ltr'>in</span> <span class='ocrx_word' id='word_1_212' title='bbox 386 1777 531 1813; x_wconf 89' lang='lat' dir='ltr'>einem</span> <span class='ocrx_word' id='word_1_213' title='bbox 555 1777 672 1811; x_wconf 87' lang='lat' dir='ltr'>Wort.</span> 
     </span>
    </p>

    <p class='ocr_par' dir='ltr' id='par_1_8' title="bbox 177 1823 922 2151">
     <span class='ocr_line' id='line_1_31' title="bbox 226 1823 922 1871; baseline -0.001 -12"><span class='ocrx_word' id='word_1_214' title='bbox 226 1825 369 1871; x_wconf 60' lang='lat' dir='ltr'>legatis]</span> <span class='ocrx_word' id='word_1_215' title='bbox 397 1825 465 1859; x_wconf 86' lang='lat' dir='ltr'>Die</span> <span class='ocrx_word' id='word_1_216' title='bbox 485 1823 652 1859; x_wconf 84' lang='lat' dir='ltr'>Konsuln</span> <span class='ocrx_word' id='word_1_217' title='bbox 672 1824 803 1858; x_wconf 86' lang='lat' dir='ltr'>hatten</span> <span class='ocrx_word' id='word_1_218' title='bbox 823 1824 922 1858; x_wconf 91' lang='lat' dir='ltr'>wohl</span> 
     </span>
     <span class='ocr_line' id='line_1_32' title="bbox 180 1870 921 1916; baseline -0.003 -10"><span class='ocrx_word' id='word_1_219' title='bbox 180 1871 260 1907; x_wconf 89' lang='lat' dir='ltr'>eine</span> <span class='ocrx_word' id='word_1_220' title='bbox 300 1871 530 1916; x_wconf 84' lang='lat' dir='ltr'>Abordnung</span> <span class='ocrx_word' id='word_1_221' title='bbox 574 1871 638 1906; x_wconf 83' lang='lat' dir='ltr'>der</span> <span class='ocrx_word' id='word_1_222' title='bbox 677 1870 921 1905; x_wconf 84' lang='lat' dir='ltr'>Privernaten</span> 
     </span>
     <span class='ocr_line' id='line_1_33' title="bbox 177 1918 920 1963; baseline -0.003 -10"><span class='ocrx_word' id='word_1_223' title='bbox 177 1920 274 1953; x_wconf 85' lang='lat' dir='ltr'>nach</span> <span class='ocrx_word' id='word_1_224' title='bbox 307 1919 401 1954; x_wconf 84' lang='lat' dir='ltr'>Rom</span> <span class='ocrx_word' id='word_1_225' title='bbox 433 1918 685 1963; x_wconf 83' lang='lat' dir='ltr'>mitgebracht</span> <span class='ocrx_word' id='word_1_226' title='bbox 722 1918 799 1952; x_wconf 92' lang='lat' dir='ltr'>und</span> <span class='ocrx_word' id='word_1_227' title='bbox 837 1918 920 1952; x_wconf 92' lang='lat' dir='ltr'>dem</span> 
     </span>
     <span class='ocr_line' id='line_1_34' title="bbox 179 1964 921 2011; baseline -0.004 -10"><span class='ocrx_word' id='word_1_228' title='bbox 179 1966 313 2001; x_wconf 90' lang='lat' dir='ltr'>Senate</span> <span class='ocrx_word' id='word_1_229' title='bbox 364 1966 600 2011; x_wconf 81' lang='lat' dir='ltr'>vorgefi‘ihrt,</span> <span class='ocrx_word' id='word_1_230' title='bbox 658 1964 799 1999; x_wconf 85' lang='lat' dir='ltr'>welche</span> <span class='ocrx_word' id='word_1_231' title='bbox 850 1965 921 1999; x_wconf 88' lang='lat' dir='ltr'>den</span> 
     </span>
     <span class='ocr_line' id='line_1_35' title="bbox 179 2011 921 2047; baseline -0.004 0"><span class='ocrx_word' id='word_1_232' title='bbox 179 2012 292 2047; x_wconf 83' lang='lat' dir='ltr'>Senat</span> <span class='ocrx_word' id='word_1_233' title='bbox 341 2012 455 2047; x_wconf 86' lang='lat' dir='ltr'>milde</span> <span class='ocrx_word' id='word_1_234' title='bbox 506 2013 680 2047; x_wconf 86' lang='lat' dir='ltr'>stimmen</span> <span class='ocrx_word' id='word_1_235' title='bbox 730 2013 805 2045; x_wconf 89' lang='lat' dir='ltr'>und</span> <span class='ocrx_word' id='word_1_236' title='bbox 849 2011 921 2045; x_wconf 89' lang='lat' dir='ltr'>den</span> 
     </span>
     <span class='ocr_line' id='line_1_36' title="bbox 180 2058 922 2103; baseline -0.001 -10"><span class='ocrx_word' id='word_1_237' title='bbox 180 2059 382 2094; x_wconf 82' lang='lat' dir='ltr'>Senatoren</span> <span class='ocrx_word' id='word_1_238' title='bbox 402 2060 468 2093; x_wconf 77' lang='lat' dir='ltr'>auf</span> <span class='ocrx_word' id='word_1_239' title='bbox 480 2059 559 2093; x_wconf 88' lang='lat' dir='ltr'>ihre</span> <span class='ocrx_word' id='word_1_240' title='bbox 574 2059 718 2103; x_wconf 87' lang='lat' dir='ltr'>Fragen</span> <span class='ocrx_word' id='word_1_241' title='bbox 735 2058 922 2092; x_wconf 82' lang='lat' dir='ltr'>Auskunft</span> 
     </span>
     <span class='ocr_line' id='line_1_37' title="bbox 179 2106 445 2151; baseline 0.004 -11"><span class='ocrx_word' id='word_1_242' title='bbox 179 2106 299 2151; x_wconf 86' lang='lat' dir='ltr'>geben</span> <span class='ocrx_word' id='word_1_243' title='bbox 326 2106 445 2141; x_wconf 88' lang='lat' dir='ltr'>sollte.</span> 
     </span>
    </p>
   </div>
   <div class='ocr_carea' id='block_1_6' title="bbox 227 2157 789 2204">
    <p class='ocr_par' dir='ltr' id='par_1_9' title="bbox 227 2157 789 2204">
     <span class='ocr_line' id='line_1_38' title="bbox 227 2157 789 2204; baseline -0.002 -10"><span class='ocrx_word' id='word_1_244' title='bbox 227 2159 464 2204; x_wconf 70' lang='lat' dir='ltr'>necessitatis]</span> <span class='ocrx_word' id='word_1_245' title='bbox 492 2157 578 2201; x_wconf 90' lang='lat' dir='ltr'>Not,</span> <span class='ocrx_word' id='word_1_246' title='bbox 604 2157 789 2202; x_wconf 78' lang='lat' dir='ltr'>Unglfick.</span> 
     </span>
    </p>
   </div>
   <div class='ocr_carea' id='block_1_7' title="bbox 173 2211 918 2914">
    <p class='ocr_par' dir='ltr' id='par_1_10' title="bbox 176 2211 918 2300">
     <span class='ocr_line' id='line_1_39' title="bbox 225 2211 918 2257; baseline 0 -11"><span class='ocrx_word' id='word_1_247' title='bbox 225 2217 255 2247; x_wconf 89' lang='lat'>3.</span> <span class='ocrx_word' id='word_1_248' title='bbox 283 2212 502 2257; x_wconf 71' lang='lat' dir='ltr'>infestiores]</span> <span class='ocrx_word' id='word_1_249' title='bbox 579 2222 638 2245; x_wconf 92' lang='lat' dir='ltr'>no</span> <span class='ocrx_word' id='word_1_250' title='bbox 656 2211 712 2246; x_wconf 87' lang='lat' dir='ltr'>ch</span> <span class='ocrx_word' id='word_1_251' title='bbox 793 2211 918 2256; x_wconf 87' lang='lat' dir='ltr'>aufge-</span> 
     </span>
     <span class='ocr_line' id='line_1_40' title="bbox 176 2258 917 2300; baseline -0.001 -6"><span class='ocrx_word' id='word_1_252' title='bbox 176 2260 365 2300; x_wconf 76' lang='lat' dir='ltr'>brachter3</span> <span class='ocrx_word' id='word_1_253' title='bbox 383 2258 518 2293; x_wconf 81' lang='lat' dir='ltr'>ebenso</span> <span class='ocrx_word' id='word_1_254' title='bbox 527 2262 610 2293; x_wconf 73' lang='lat' dir='ltr'>mite</span> <span class='ocrx_word' id='word_1_255' title='bbox 625 2269 640 2291; x_wconf 89' lang='lat' dir='ltr'>s</span> <span class='ocrx_word' id='word_1_256' title='bbox 651 2270 669 2292; x_wconf 88' lang='lat' dir='ltr'>c</span> <span class='ocrx_word' id='word_1_257' title='bbox 678 2259 700 2292; x_wconf 89' lang='lat' dir='ltr'>h</span> <span class='ocrx_word' id='word_1_258' title='bbox 710 2268 730 2292; x_wconf 95' lang='lat' dir='ltr'>o</span> <span class='ocrx_word' id='word_1_259' title='bbox 739 2270 763 2291; x_wconf 89' lang='lat' dir='ltr'>n</span> <span class='ocrx_word' id='word_1_260' title='bbox 774 2259 917 2293; x_wconf 86' lang='lat' dir='ltr'>vorher.</span> 
     </span>
    </p>

    <p class='ocr_par' dir='ltr' id='par_1_11' title="bbox 224 2311 799 2357">
     <span class='ocr_line' id='line_1_41' title="bbox 224 2311 799 2357; baseline -0.003 -10"><span class='ocrx_word' id='word_1_261' title='bbox 224 2316 255 2347; x_wconf 85' lang='lat'>4.</span> <span class='ocrx_word' id='word_1_262' title='bbox 278 2311 507 2357; x_wconf 75' lang='lat' dir='ltr'>perpetuam]</span> <span class='ocrx_word' id='word_1_263' title='bbox 539 2322 586 2345; x_wconf 85' lang='lat' dir='ltr'>sc.</span> <span class='ocrx_word' id='word_1_264' title='bbox 613 2312 799 2345; x_wconf 62' lang='lat' dir='ltr'>habebitis.</span> 
     </span>
    </p>

    <p class='ocr_par' dir='ltr' id='par_1_12' title="bbox 173 2363 918 2682">
     <span class='ocr_line' id='line_1_42' title="bbox 223 2363 918 2409; baseline -0.003 -10"><span class='ocrx_word' id='word_1_265' title='bbox 223 2369 254 2400; x_wconf 84' lang='lat'>5.</span> <span class='ocrx_word' id='word_1_266' title='bbox 282 2364 448 2409; x_wconf 70' lang='lat' dir='ltr'>quidam]</span> <span class='ocrx_word' id='word_1_267' title='bbox 476 2363 523 2397; x_wconf 85' lang='lat' dir='ltr'>Es</span> <span class='ocrx_word' id='word_1_268' title='bbox 549 2363 645 2398; x_wconf 88' lang='lat' dir='ltr'>fehlt</span> <span class='ocrx_word' id='word_1_269' title='bbox 671 2364 730 2398; x_wconf 87' lang='lat' dir='ltr'>ein</span> <span class='ocrx_word' id='word_1_270' title='bbox 754 2363 918 2397; x_wconf 86' lang='lat' dir='ltr'>Verbum</span> 
     </span>
     <span class='ocr_line' id='line_1_43' title="bbox 175 2410 918 2454; baseline -0.003 -7"><span class='ocrx_word' id='word_1_271' title='bbox 175 2412 338 2454; x_wconf 73' lang='lat' dir='ltr'>dicendi,</span> <span class='ocrx_word' id='word_1_272' title='bbox 383 2412 480 2446; x_wconf 88' lang='lat' dir='ltr'>etwa</span> <span class='ocrx_word' id='word_1_273' title='bbox 522 2411 712 2452; x_wconf 73' lang='lat' dir='ltr'>dixerunt,</span> <span class='ocrx_word' id='word_1_274' title='bbox 752 2410 820 2444; x_wconf 89' lang='lat' dir='ltr'>wie</span> <span class='ocrx_word' id='word_1_275' title='bbox 856 2423 918 2445; x_wconf 85' lang='lat' dir='ltr'>zu—</span> 
     </span>
     <span class='ocr_line' id='line_1_44' title="bbox 175 2457 916 2501; baseline -0.005 -7"><span class='ocrx_word' id='word_1_276' title='bbox 175 2459 307 2494; x_wconf 89' lang='lat' dir='ltr'>weilen</span> <span class='ocrx_word' id='word_1_277' title='bbox 334 2458 393 2493; x_wconf 85' lang='lat' dir='ltr'>bei</span> <span class='ocrx_word' id='word_1_278' title='bbox 412 2457 649 2501; x_wconf 79' lang='lat' dir='ltr'>Einffihrung</span> <span class='ocrx_word' id='word_1_279' title='bbox 675 2458 775 2491; x_wconf 79' lang='lat' dir='ltr'>einer</span> <span class='ocrx_word' id='word_1_280' title='bbox 795 2457 916 2491; x_wconf 84' lang='lat' dir='ltr'>direk-</span> 
     </span>
     <span class='ocr_line' id='line_1_45' title="bbox 174 2504 918 2549; baseline -0.003 -8"><span class='ocrx_word' id='word_1_281' title='bbox 174 2507 237 2541; x_wconf 86' lang='lat' dir='ltr'>ten</span> <span class='ocrx_word' id='word_1_282' title='bbox 283 2506 382 2540; x_wconf 88' lang='lat' dir='ltr'>Rede</span> <span class='ocrx_word' id='word_1_283' title='bbox 428 2505 540 2549; x_wconf 74' lang='lat' dir='ltr'>(Kap.</span> <span class='ocrx_word' id='word_1_284' title='bbox 580 2508 619 2547; x_wconf 87' lang='lat'>4,</span> <span class='ocrx_word' id='word_1_285' title='bbox 650 2506 692 2548; x_wconf 89' lang='lat'>1).</span> <span class='ocrx_word' id='word_1_286' title='bbox 745 2504 918 2539; x_wconf 82' lang='lat' dir='ltr'>Leiehter</span> 
     </span>
     <span class='ocr_line' id='line_1_46' title="bbox 176 2551 916 2597; baseline -0.004 -10"><span class='ocrx_word' id='word_1_287' title='bbox 176 2553 379 2597; x_wconf 71' lang='lat' dir='ltr'>ert1·{iglich</span> <span class='ocrx_word' id='word_1_288' title='bbox 416 2555 513 2586; x_wconf 60' lang='lat' dir='ltr'>ware</span> <span class='ocrx_word' id='word_1_289' title='bbox 552 2551 653 2586; x_wconf 88' lang='lat' dir='ltr'>diese</span> <span class='ocrx_word' id='word_1_290' title='bbox 686 2551 916 2596; x_wconf 85' lang='lat' dir='ltr'>Auslassung</span> 
     </span>
     <span class='ocr_line' id='line_1_47' title="bbox 173 2598 914 2643; baseline -0.003 -9"><span class='ocrx_word' id='word_1_291' title='bbox 173 2599 235 2634; x_wconf 89' lang='lat' dir='ltr'>bei</span> <span class='ocrx_word' id='word_1_292' title='bbox 261 2601 325 2633; x_wconf 83' lang='lat' dir='ltr'>der</span> <span class='ocrx_word' id='word_1_293' title='bbox 339 2598 614 2643; x_wconf 82' lang='lat' dir='ltr'>Wortstellung</span> <span class='ocrx_word' id='word_1_294' title='bbox 639 2602 714 2633; x_wconf 78' lang='lat' dir='ltr'>tum</span> <span class='ocrx_word' id='word_1_295' title='bbox 734 2608 814 2634; x_wconf 77' lang='lat' dir='ltr'>vero</span> <span class='ocrx_word' id='word_1_296' title='bbox 835 2600 914 2643; x_wconf 74' lang='lat' dir='ltr'>qui-</span> 
     </span>
     <span class='ocr_line' id='line_1_48' title="bbox 175 2646 536 2682; baseline -0.006 -1"><span class='ocrx_word' id='word_1_297' title='bbox 175 2647 279 2682; x_wconf 82' lang='lat' dir='ltr'>dam:</span> <span class='ocrx_word' id='word_1_298' title='bbox 304 2646 442 2680; x_wconf 69' lang='lat' dir='ltr'>minari</span> <span class='ocrx_word' id='word_1_299' title='bbox 467 2647 536 2680; x_wconf 85' lang='lat' dir='ltr'>etc.</span> 
     </span>
    </p>

    <p class='ocr_par' dir='ltr' id='par_1_13' title="bbox 223 2693 539 2728">
     <span class='ocr_line' id='line_1_49' title="bbox 223 2693 539 2728; baseline -0.003 -1"><span class='ocrx_word' id='word_1_300' title='bbox 223 2698 253 2728; x_wconf 90' lang='grc'>6.</span> <span class='ocrx_word' id='word_1_301' title='bbox 282 2693 330 2727; x_wconf 77' lang='lat' dir='ltr'>ad</span> <span class='ocrx_word' id='word_1_302' title='bbox 355 2693 504 2727; x_wconf 80' lang='lat' dir='ltr'>meliora</span> <span class='ocrx_word' id='word_1_303' title='bbox 532 2719 539 2726; x_wconf 92' lang='lat'><strong>.</strong></span> 
     </span>
    </p>

    <p class='ocr_par' dir='ltr' id='par_1_14' title="bbox 174 2738 856 2832">
     <span class='ocr_line' id='line_1_50' title="bbox 212 2738 778 2783; baseline -0.007 -8"><span class='ocrx_word' id='word_1_304' title='bbox 212 2768 218 2775; x_wconf 95' lang='lat'>.</span> <span class='ocrx_word' id='word_1_305' title='bbox 249 2767 256 2774; x_wconf 92' lang='lat'>.</span> <span class='ocrx_word' id='word_1_306' title='bbox 291 2740 372 2774; x_wconf 87' lang='lat' dir='ltr'>eine</span> <span class='ocrx_word' id='word_1_307' title='bbox 400 2739 544 2773; x_wconf 80' lang='lat' dir='ltr'>bessere</span> <span class='ocrx_word' id='word_1_308' title='bbox 570 2738 778 2783; x_wconf 86' lang='lat' dir='ltr'>Deutung’.</span> 
     </span>
     <span class='ocr_line' id='line_1_51' title="bbox 174 2786 856 2832; baseline -0.003 -11"><span class='ocrx_word' id='word_1_309' title='bbox 174 2786 212 2832; x_wconf 85' lang='lat'>5,</span> <span class='ocrx_word' id='word_1_310' title='bbox 234 2790 289 2828; x_wconf 77' lang='lat'>23,</span> <span class='ocrx_word' id='word_1_311' title='bbox 312 2790 332 2821; x_wconf 87' lang='lat'>6</span> <span class='ocrx_word' id='word_1_312' title='bbox 360 2787 398 2820; x_wconf 81' lang='grc' dir='ltr'><em>ιή</em></span> <span class='ocrx_word' id='word_1_313' title='bbox 423 2787 631 2831; x_wconf 61' lang='lat' dir='ltr'>religionem</span> <span class='ocrx_word' id='word_1_314' title='bbox 657 2786 856 2820; x_wconf 76' lang='lat' dir='ltr'>trahebant.</span> 
     </span>
    </p>

    <p class='ocr_par' dir='ltr' id='par_1_15' title="bbox 175 2832 913 2914">
     <span class='ocr_line' id='line_1_52' title="bbox 221 2832 913 2878; baseline -0.003 -11"><span class='ocrx_word' id='word_1_315' title='bbox 221 2833 308 2878; x_wconf 82' lang='lat' dir='ltr'>viri]</span> <span class='ocrx_word' id='word_1_316' title='bbox 331 2835 532 2878; x_wconf 78' lang='lat' dir='ltr'>pr&#39;agnant:</span> <span class='ocrx_word' id='word_1_317' title='bbox 561 2832 619 2866; x_wconf 89' lang='lat' dir='ltr'>ein</span> <span class='ocrx_word' id='word_1_318' title='bbox 639 2843 776 2876; x_wconf 85' lang='lat' dir='ltr'>ganzer</span> <span class='ocrx_word' id='word_1_319' title='bbox 790 2832 913 2874; x_wconf 73' lang='lat' dir='ltr'>Manu,</span> 
     </span>
     <span class='ocr_line' id='line_1_53' title="bbox 175 2877 911 2914; baseline -0.001 -1"><span class='ocrx_word' id='word_1_320' title='bbox 175 2879 234 2913; x_wconf 86' lang='lat' dir='ltr'>ein</span> <span class='ocrx_word' id='word_1_321' title='bbox 260 2879 374 2914; x_wconf 81' lang='lat' dir='ltr'>Mann</span> <span class='ocrx_word' id='word_1_322' title='bbox 399 2879 477 2914; x_wconf 81' lang='lat' dir='ltr'>voll</span> <span class='ocrx_word' id='word_1_323' title='bbox 497 2879 578 2913; x_wconf 90' lang='lat' dir='ltr'>Mut</span> <span class='ocrx_word' id='word_1_324' title='bbox 602 2880 677 2914; x_wconf 90' lang='lat' dir='ltr'>und</span> <span class='ocrx_word' id='word_1_325' title='bbox 698 2877 911 2913; x_wconf 82' lang='lat' dir='ltr'>Charakter.</span> 
     </span>
    </p>
   </div>
   <div class='ocr_carea' id='block_1_8' title="bbox 569 2691 915 2736">
    <p class='ocr_par' dir='ltr' id='par_1_16' title="bbox 569 2691 915 2736">
     <span class='ocr_line' id='line_1_54' title="bbox 569 2691 915 2736; baseline -0.003 -10"><span class='ocrx_word' id='word_1_326' title='bbox 569 2719 574 2725; x_wconf 93' lang='lat'>.</span> <span class='ocrx_word' id='word_1_327' title='bbox 603 2719 610 2726; x_wconf 89' lang='lat'>.</span> <span class='ocrx_word' id='word_1_328' title='bbox 636 2692 791 2736; x_wconf 74' lang='lat' dir='ltr'>trahere]</span> <span class='ocrx_word' id='word_1_329' title='bbox 827 2691 915 2735; x_wconf 80' lang='lat' dir='ltr'>‘gab</span> 
     </span>
    </p>
   </div>
   <div class='ocr_carea' id='block_1_9' title="bbox 828 2737 914 2782">
    <p class='ocr_par' dir='ltr' id='par_1_17' title="bbox 828 2737 914 2782">
     <span class='ocr_line' id='line_1_55' title="bbox 828 2737 914 2782; baseline 0.012 -11"><span class='ocrx_word' id='word_1_330' title='bbox 828 2737 914 2782; x_wconf 83' lang='lat' dir='ltr'>Vgl.</span> 
     </span>
    </p>
   </div>
   <div class='ocr_carea' id='block_1_10' title="bbox 988 1723 1738 2874">
    <p class='ocr_par' dir='ltr' id='par_1_18' title="bbox 996 1723 1737 1818">
     <span class='ocr_line' id='line_1_56' title="bbox 1044 1723 1737 1772; baseline -0.006 -10"><span class='ocrx_word' id='word_1_331' title='bbox 1044 1727 1165 1772; x_wconf 80' lang='lat' dir='ltr'>liberi]</span> <span class='ocrx_word' id='word_1_332' title='bbox 1192 1727 1272 1761; x_wconf 84' lang='lat' dir='ltr'>hier</span> <span class='ocrx_word' id='word_1_333' title='bbox 1305 1725 1603 1761; x_wconf 86' lang='lat' dir='ltr'>substantiviert:</span> <span class='ocrx_word' id='word_1_334' title='bbox 1637 1723 1737 1760; x_wconf 89' lang='lat' dir='ltr'>eines</span> 
     </span>
     <span class='ocr_line' id='line_1_57' title="bbox 996 1773 1605 1818; baseline -0.005 -9"><span class='ocrx_word' id='word_1_335' title='bbox 996 1775 1139 1818; x_wconf 85' lang='lat' dir='ltr'>Freien,</span> <span class='ocrx_word' id='word_1_336' title='bbox 1167 1774 1266 1809; x_wconf 84' lang='lat' dir='ltr'>eines</span> <span class='ocrx_word' id='word_1_337' title='bbox 1292 1773 1410 1808; x_wconf 89' lang='lat' dir='ltr'>freien</span> <span class='ocrx_word' id='word_1_338' title='bbox 1436 1773 1605 1818; x_wconf 67' lang='lat' dir='ltr'>Bfirgers.</span> 
     </span>
    </p>

    <p class='ocr_par' dir='ltr' id='par_1_19' title="bbox 995 1818 1738 2053">
     <span class='ocr_line' id='line_1_58' title="bbox 1042 1818 1736 1866; baseline -0.007 -9"><span class='ocrx_word' id='word_1_339' title='bbox 1042 1822 1195 1866; x_wconf 73' lang='lat' dir='ltr'>denique</span> <span class='ocrx_word' id='word_1_340' title='bbox 1244 1819 1381 1865; x_wconf 77' lang='lat' dir='ltr'>knfipft</span> <span class='ocrx_word' id='word_1_341' title='bbox 1430 1820 1496 1854; x_wconf 85' lang='lat' dir='ltr'>das</span> <span class='ocrx_word' id='word_1_342' title='bbox 1533 1818 1736 1862; x_wconf 83' lang='lat' dir='ltr'>Ausserste,</span> 
     </span>
     <span class='ocr_line' id='line_1_59' title="bbox 995 1866 1738 1910; baseline -0.005 -7"><span class='ocrx_word' id='word_1_343' title='bbox 995 1869 1125 1904; x_wconf 84' lang='lat' dir='ltr'>Letzte</span> <span class='ocrx_word' id='word_1_344' title='bbox 1158 1879 1221 1910; x_wconf 68' lang='grc' dir='ltr'>ειυς</span> <span class='ocrx_word' id='word_1_345' title='bbox 1261 1879 1298 1902; x_wconf 83' lang='lat' dir='ltr'>es</span> <span class='ocrx_word' id='word_1_346' title='bbox 1337 1867 1439 1902; x_wconf 85' lang='lat' dir='ltr'>steht</span> <span class='ocrx_word' id='word_1_347' title='bbox 1470 1867 1587 1901; x_wconf 85' lang='lat' dir='ltr'>daher</span> <span class='ocrx_word' id='word_1_348' title='bbox 1619 1866 1738 1900; x_wconf 86' lang='lat' dir='ltr'>selten</span> 
     </span>
     <span class='ocr_line' id='line_1_60' title="bbox 996 1911 1736 1950; baseline -0.005 0"><span class='ocrx_word' id='word_1_349' title='bbox 996 1917 1111 1950; x_wconf 84' lang='lat' dir='ltr'>sehon</span> <span class='ocrx_word' id='word_1_350' title='bbox 1136 1914 1236 1950; x_wconf 88' lang='lat' dir='ltr'>beim</span> <span class='ocrx_word' id='word_1_351' title='bbox 1259 1915 1415 1949; x_wconf 85' lang='lat' dir='ltr'>zweiten</span> <span class='ocrx_word' id='word_1_352' title='bbox 1435 1912 1543 1949; x_wconf 85' lang='lat' dir='ltr'>Glied</span> <span class='ocrx_word' id='word_1_353' title='bbox 1563 1913 1627 1947; x_wconf 83' lang='lat' dir='ltr'>der</span> <span class='ocrx_word' id='word_1_354' title='bbox 1646 1911 1736 1946; x_wconf 87' lang='lat' dir='ltr'>Auf-</span> 
     </span>
     <span class='ocr_line' id='line_1_61' title="bbox 995 1959 1737 2008; baseline -0.004 -11"><span class='ocrx_word' id='word_1_355' title='bbox 995 1963 1156 2006; x_wconf 74' lang='lat' dir='ltr'>z&#39;ahlung</span> <span class='ocrx_word' id='word_1_356' title='bbox 1189 1962 1247 2008; x_wconf 85' lang='lat'>(4,</span> <span class='ocrx_word' id='word_1_357' title='bbox 1269 1966 1330 2006; x_wconf 83' lang='lat'>56,</span> <span class='ocrx_word' id='word_1_358' title='bbox 1354 1965 1414 2004; x_wconf 76' lang='lat'>113</span> <span class='ocrx_word' id='word_1_359' title='bbox 1453 1961 1496 2007; x_wconf 85' lang='lat'>5,</span> <span class='ocrx_word' id='word_1_360' title='bbox 1517 1964 1557 2003; x_wconf 82' lang='lat'>6,</span> <span class='ocrx_word' id='word_1_361' title='bbox 1580 1963 1640 2003; x_wconf 77' lang='lat'>123</span> <span class='ocrx_word' id='word_1_362' title='bbox 1671 1959 1737 2004; x_wconf 80' lang='lat'>23,</span> 
     </span>
     <span class='ocr_line' id='line_1_62' title="bbox 998 2012 1121 2053; baseline 0 -9"><span class='ocrx_word' id='word_1_363' title='bbox 998 2015 1051 2053; x_wconf 91' lang='lat'>13,</span> <span class='ocrx_word' id='word_1_364' title='bbox 1075 2012 1121 2053; x_wconf 76' lang='grc' dir='ltr'>ι).</span> 
     </span>
    </p>

    <p class='ocr_par' dir='ltr' id='par_1_20' title="bbox 993 2052 1738 2194">
     <span class='ocr_line' id='line_1_63' title="bbox 1039 2052 1738 2101; baseline -0.006 -10"><span class='ocrx_word' id='word_1_365' title='bbox 1039 2057 1244 2101; x_wconf 73' lang='lat' dir='ltr'>paeniteat,</span> <span class='ocrx_word' id='word_1_366' title='bbox 1274 2056 1337 2100; x_wconf 87' lang='lat' dir='ltr'>sit]</span> <span class='ocrx_word' id='word_1_367' title='bbox 1372 2066 1437 2090; x_wconf 84' lang='lat' dir='ltr'>aus</span> <span class='ocrx_word' id='word_1_368' title='bbox 1470 2054 1535 2088; x_wconf 79' lang='lat' dir='ltr'>der</span> <span class='ocrx_word' id='word_1_369' title='bbox 1566 2052 1738 2089; x_wconf 87' lang='lat' dir='ltr'>direkten</span> 
     </span>
     <span class='ocr_line' id='line_1_64' title="bbox 993 2101 1737 2146; baseline -0.005 -8"><span class='ocrx_word' id='word_1_370' title='bbox 993 2103 1095 2138; x_wconf 87' lang='lat' dir='ltr'>Rede</span> <span class='ocrx_word' id='word_1_371' title='bbox 1129 2103 1369 2138; x_wconf 84' lang='lat' dir='ltr'>beibehalten</span> <span class='ocrx_word' id='word_1_372' title='bbox 1401 2103 1495 2136; x_wconf 85' lang='lat' dir='ltr'>statt</span> <span class='ocrx_word' id='word_1_373' title='bbox 1525 2101 1737 2146; x_wconf 75' lang='lat' dir='ltr'>paeniteret,</span> 
     </span>
     <span class='ocr_line' id='line_1_65' title="bbox 993 2149 1480 2194; baseline -0.004 -8"><span class='ocrx_word' id='word_1_374' title='bbox 993 2154 1088 2186; x_wconf 81' lang='lat' dir='ltr'>esset.</span> <span class='ocrx_word' id='word_1_375' title='bbox 1139 2149 1225 2194; x_wconf 86' lang='lat' dir='ltr'>Vgl.</span> <span class='ocrx_word' id='word_1_376' title='bbox 1251 2149 1344 2194; x_wconf 84' lang='lat' dir='ltr'>Kap.</span> <span class='ocrx_word' id='word_1_377' title='bbox 1373 2152 1427 2191; x_wconf 88' lang='lat'>18,</span> <span class='ocrx_word' id='word_1_378' title='bbox 1449 2153 1480 2184; x_wconf 88' lang='grc'>6.</span> 
     </span>
    </p>

    <p class='ocr_par' dir='ltr' id='par_1_21' title="bbox 1041 2200 1731 2248">
     <span class='ocr_line' id='line_1_66' title="bbox 1041 2200 1731 2248; baseline -0.004 -10"><span class='ocrx_word' id='word_1_379' title='bbox 1041 2207 1071 2238; x_wconf 84' lang='grc'>7.</span> <span class='ocrx_word' id='word_1_380' title='bbox 1099 2203 1168 2248; x_wconf 77' lang='lat' dir='ltr'>ibi]</span> <span class='ocrx_word' id='word_1_381' title='bbox 1196 2202 1299 2236; x_wconf 74' lang='lat' dir='ltr'>‘nur</span> <span class='ocrx_word' id='word_1_382' title='bbox 1326 2201 1407 2244; x_wconf 87' lang='lat' dir='ltr'>da’,</span> <span class='ocrx_word' id='word_1_383' title='bbox 1435 2218 1479 2230; x_wconf 91' lang='lat'><strong><em>=</em></strong></span> <span class='ocrx_word' id='word_1_384' title='bbox 1505 2201 1558 2236; x_wconf 77' lang='lat' dir='ltr'>ibi</span> <span class='ocrx_word' id='word_1_385' title='bbox 1583 2200 1731 2236; x_wconf 77' lang='lat' dir='ltr'>demum.</span> 
     </span>
    </p>

    <p class='ocr_par' dir='ltr' id='par_1_22' title="bbox 1038 2252 1695 2300">
     <span class='ocr_line' id='line_1_67' title="bbox 1038 2252 1695 2300; baseline -0.008 -9"><span class='ocrx_word' id='word_1_386' title='bbox 1038 2256 1126 2300; x_wconf 75' lang='lat' dir='ltr'>sint]</span> <span class='ocrx_word' id='word_1_387' title='bbox 1154 2255 1327 2299; x_wconf 81' lang='lat' dir='ltr'>Subjekt:</span> <span class='ocrx_word' id='word_1_388' title='bbox 1352 2254 1522 2297; x_wconf 76' lang='lat' dir='ltr'>homines,</span> <span class='ocrx_word' id='word_1_389' title='bbox 1550 2252 1695 2288; x_wconf 78' lang='lat' dir='ltr'>‘man’.</span> 
     </span>
    </p>

    <p class='ocr_par' dir='ltr' id='par_1_23' title="bbox 989 2305 1731 2728">
     <span class='ocr_line' id='line_1_68' title="bbox 1040 2305 1731 2353; baseline -0.006 -10"><span class='ocrx_word' id='word_1_390' title='bbox 1040 2312 1072 2343; x_wconf 81' lang='lat'>8.</span> <span class='ocrx_word' id='word_1_391' title='bbox 1092 2307 1312 2353; x_wconf 80' lang='lat' dir='ltr'>consulares]</span> <span class='ocrx_word' id='word_1_392' title='bbox 1335 2306 1404 2341; x_wconf 87' lang='lat' dir='ltr'>Die</span> <span class='ocrx_word' id='word_1_393' title='bbox 1414 2307 1566 2341; x_wconf 65' lang='lat' dir='ltr'>Manner</span> <span class='ocrx_word' id='word_1_394' title='bbox 1591 2305 1731 2340; x_wconf 86' lang='lat' dir='ltr'>welche</span> 
     </span>
     <span class='ocr_line' id='line_1_69' title="bbox 993 2352 1729 2394; baseline -0.004 -5"><span class='ocrx_word' id='word_1_395' title='bbox 993 2356 1058 2390; x_wconf 86' lang='lat' dir='ltr'>das</span> <span class='ocrx_word' id='word_1_396' title='bbox 1108 2354 1292 2389; x_wconf 83' lang='lat' dir='ltr'>Konsulat</span> <span class='ocrx_word' id='word_1_397' title='bbox 1347 2353 1537 2389; x_wconf 86' lang='lat' dir='ltr'>bekleidet</span> <span class='ocrx_word' id='word_1_398' title='bbox 1587 2352 1729 2394; x_wconf 86' lang='lat' dir='ltr'>hatten,</span> 
     </span>
     <span class='ocr_line' id='line_1_70' title="bbox 992 2399 1731 2437; baseline -0.004 -2"><span class='ocrx_word' id='word_1_399' title='bbox 992 2403 1144 2437; x_wconf 86' lang='lat' dir='ltr'>wurden</span> <span class='ocrx_word' id='word_1_400' title='bbox 1170 2402 1221 2436; x_wconf 89' lang='lat' dir='ltr'>im</span> <span class='ocrx_word' id='word_1_401' title='bbox 1247 2401 1382 2436; x_wconf 83' lang='lat' dir='ltr'>Senate</span> <span class='ocrx_word' id='word_1_402' title='bbox 1417 2403 1539 2435; x_wconf 80' lang='lat' dir='ltr'>zuerst</span> <span class='ocrx_word' id='word_1_403' title='bbox 1563 2411 1625 2433; x_wconf 92' lang='lat' dir='ltr'>um</span> <span class='ocrx_word' id='word_1_404' title='bbox 1649 2399 1731 2433; x_wconf 82' lang='lat' dir='ltr'>ihre</span> 
     </span>
     <span class='ocr_line' id='line_1_71' title="bbox 991 2445 1730 2493; baseline -0.005 -10"><span class='ocrx_word' id='word_1_405' title='bbox 991 2449 1216 2493; x_wconf 83' lang='lat' dir='ltr'>Meinungen</span> <span class='ocrx_word' id='word_1_406' title='bbox 1237 2447 1384 2493; x_wconf 83' lang='lat' dir='ltr'>gefragt</span> <span class='ocrx_word' id='word_1_407' title='bbox 1406 2447 1481 2482; x_wconf 89' lang='lat' dir='ltr'>und</span> <span class='ocrx_word' id='word_1_408' title='bbox 1501 2445 1649 2482; x_wconf 81' lang='lat' dir='ltr'>stellten</span> <span class='ocrx_word' id='word_1_409' title='bbox 1669 2445 1730 2479; x_wconf 89' lang='lat' dir='ltr'>die</span> 
     </span>
     <span class='ocr_line' id='line_1_72' title="bbox 990 2492 1729 2540; baseline -0.008 -9"><span class='ocrx_word' id='word_1_410' title='bbox 990 2495 1281 2531; x_wconf 86' lang='lat' dir='ltr'>verschiedenen</span> <span class='ocrx_word' id='word_1_411' title='bbox 1303 2495 1478 2540; x_wconf 78' lang='lat' dir='ltr'>Antr&#39;age,</span> <span class='ocrx_word' id='word_1_412' title='bbox 1505 2494 1623 2528; x_wconf 88' lang='lat' dir='ltr'>denen</span> <span class='ocrx_word' id='word_1_413' title='bbox 1649 2492 1729 2526; x_wconf 82' lang='lat' dir='ltr'>sich</span> 
     </span>
     <span class='ocr_line' id='line_1_73' title="bbox 991 2541 1728 2587; baseline -0.008 -10"><span class='ocrx_word' id='word_1_414' title='bbox 991 2543 1089 2578; x_wconf 84' lang='lat' dir='ltr'>dann</span> <span class='ocrx_word' id='word_1_415' title='bbox 1116 2543 1175 2577; x_wconf 87' lang='lat' dir='ltr'>die</span> <span class='ocrx_word' id='word_1_416' title='bbox 1208 2543 1364 2587; x_wconf 78' lang='lat' dir='ltr'>fibrigen</span> <span class='ocrx_word' id='word_1_417' title='bbox 1391 2541 1592 2576; x_wconf 84' lang='lat' dir='ltr'>Senatoren</span> <span class='ocrx_word' id='word_1_418' title='bbox 1619 2549 1728 2573; x_wconf 86' lang='lat' dir='ltr'>anzu-</span> 
     </span>
     <span class='ocr_line' id='line_1_74' title="bbox 990 2586 1728 2634; baseline -0.008 -10"><span class='ocrx_word' id='word_1_419' title='bbox 990 2589 1186 2625; x_wconf 83' lang='lat' dir='ltr'>schliessen</span> <span class='ocrx_word' id='word_1_420' title='bbox 1205 2589 1379 2634; x_wconf 86' lang='lat' dir='ltr'>pflegten.</span> <span class='ocrx_word' id='word_1_421' title='bbox 1426 2588 1486 2622; x_wconf 83' lang='lat' dir='ltr'>Sie</span> <span class='ocrx_word' id='word_1_422' title='bbox 1505 2597 1628 2621; x_wconf 82' lang='lat' dir='ltr'>waren</span> <span class='ocrx_word' id='word_1_423' title='bbox 1650 2586 1728 2620; x_wconf 88' lang='lat' dir='ltr'>also</span> 
     </span>
     <span class='ocr_line' id='line_1_75' title="bbox 989 2632 1728 2682; baseline -0.007 -12"><span class='ocrx_word' id='word_1_424' title='bbox 989 2637 1048 2672; x_wconf 87' lang='lat' dir='ltr'>die</span> <span class='ocrx_word' id='word_1_425' title='bbox 1063 2637 1250 2682; x_wconf 71' lang='lat' dir='ltr'>principes</span> <span class='ocrx_word' id='word_1_426' title='bbox 1266 2635 1536 2675; x_wconf 75' lang='lat' dir='ltr'>sententiarum,</span> <span class='ocrx_word' id='word_1_427' title='bbox 1556 2632 1615 2666; x_wconf 85' lang='lat' dir='ltr'>die</span> <span class='ocrx_word' id='word_1_428' title='bbox 1629 2632 1728 2667; x_wconf 92' lang='lat' dir='ltr'>Ton-</span> 
     </span>
     <span class='ocr_line' id='line_1_76' title="bbox 989 2686 1160 2728; baseline 0 -10"><span class='ocrx_word' id='word_1_429' title='bbox 989 2686 1160 2728; x_wconf 84' lang='lat' dir='ltr'>angeber.</span> 
     </span>
    </p>

    <p class='ocr_par' dir='ltr' id='par_1_24' title="bbox 1039 2725 1725 2775">
     <span class='ocr_line' id='line_1_77' title="bbox 1039 2725 1725 2775; baseline -0.007 -9"><span class='ocrx_word' id='word_1_430' title='bbox 1039 2735 1071 2765; x_wconf 88' lang='lat'>9.</span> <span class='ocrx_word' id='word_1_431' title='bbox 1101 2730 1267 2775; x_wconf 70' lang='lat' dir='ltr'>dicendo]</span> <span class='ocrx_word' id='word_1_432' title='bbox 1317 2729 1369 2762; x_wconf 86' lang='lat' dir='ltr'>im</span> <span class='ocrx_word' id='word_1_433' title='bbox 1405 2725 1725 2770; x_wconf 68' lang='lat' dir='ltr'>Privatgesprach.</span> 
     </span>
    </p>

    <p class='ocr_par' dir='ltr' id='par_1_25' title="bbox 988 2778 1728 2874">
     <span class='ocr_line' id='line_1_78' title="bbox 1034 2778 1728 2826; baseline -0.01 -8"><span class='ocrx_word' id='word_1_434' title='bbox 1034 2783 1196 2818; x_wconf 73' lang='lat' dir='ltr'>Romani</span> <span class='ocrx_word' id='word_1_435' title='bbox 1220 2781 1326 2826; x_wconf 71' lang='lat' dir='ltr'>fiant]</span> <span class='ocrx_word' id='word_1_436' title='bbox 1355 2780 1469 2815; x_wconf 84' lang='lat' dir='ltr'>durch</span> <span class='ocrx_word' id='word_1_437' title='bbox 1498 2778 1728 2823; x_wconf 86' lang='lat' dir='ltr'>Verleihung</span> 
     </span>
     <span class='ocr_line' id='line_1_79' title="bbox 988 2826 1725 2874; baseline -0.008 -10"><span class='ocrx_word' id='word_1_438' title='bbox 988 2830 1052 2864; x_wconf 87' lang='lat' dir='ltr'>des</span> <span class='ocrx_word' id='word_1_439' title='bbox 1118 2828 1405 2874; x_wconf 71' lang='lat' dir='ltr'>Btirgerrechtes</span> <span class='ocrx_word' id='word_1_440' title='bbox 1472 2826 1566 2871; x_wconf 86' lang='lat' dir='ltr'>(vgl.</span> <span class='ocrx_word' id='word_1_441' title='bbox 1633 2826 1725 2870; x_wconf 84' lang='lat' dir='ltr'>Kap.</span> 
     </span>
    </p>
   </div>
  </div>
 </body>
</html>
